2414 4110
82 302 86 308 -
128 249 267 339 Superest
287 270 323 326 ut
346 249 478 353 injedloe
499 253 539 322 ab
561 251 616 323 illa
638 251 978 357 appendicescrupalos
996 257 1086 331 evel-

84 341 176 409 lam.
199 344 307 430 ltaque
331 364 435 428 paucis
456 363 517 429 ego
538 341 644 410 dicam
666 341 744 428 quid
768 341 863 426 longo
886 347 944 414 illo
963 345 1083 417 sumo·

84 447 127 495 ne
148 427 265 498 efficere
289 431 466 499 voluerim.
489 427 605 500 Liberi
627 450 668 496 ne
689 429 813 510 sumus,
837 430 951 500 necne?
972 434 1021 503 Ea
1041 435 1083 501 de

85 517 295 602 tergebatur.
319 518 470 589 Crederes
488 514 575 586 lirisse
594 515 697 598 olim,
719 516 878 603 hodieque
899 517 956 585 elle
974 519 1084 589 hoeni·

87 620 134 672 nes
154 607 233 672 adeo
254 603 309 673 libi
332 604 427 701 ipsos'
442 601 602 690 ignotos,
615 620 651 673 ut
671 603 701 671 se
724 602 812 671 liberi
836 599 964 672 arbitrii
986 607 1083 677 sacul-

81 704 145 756 tate
169 692 312 779 pollere,
340 708 397 761 aut
420 704 625 774 ignorarent,
653 707 707 761 aut
742 694 978 776 pemegarentl
1022 692 1083 763 Sed

78 778 167 845 nulla
187 777 231 846 est
254 798 322 849 tam
343 779 438 846 stulta
450 776 619 860 sententia,
640 797 703 864 qua
723 776 777 846 fibi
792 777 953 847 interdum
977 778 1085 855 norm,

80 883 135 931 nes
158 867 337 950 perplacere
360 881 532 951 nequeant.
562 862 721 948 Equidem
741 882 801 949 epo
822 885 923 951 quum
944 864 1084 951 cogito,

79 962 150 1017 tam
173 973 227 1019 me
250 949 338 1020 liberi
360 950 417 1021 esse
438 949 561 1020 arbitrii
578 949 720 1036 ignorare
734 950 815 1037 posse
838 950 958 1036 senno,
979 968 1082 1040 quem

80 1055 137 1101 me
159 1035 238 1105 elle:
259 1037 464 1125 nequeenim
486 1038 530 1108 est
552 1039 615 1106 hoc
636 1035 698 1134 illo
719 1035 923 1107 manifestius:
947 1060 1022 1109 nam
1046 1063 1083 1107 u·

82 1136 233 1218 tuumque
257 1124 444 1196 immediato
471 1125 672 1194 conscientie
703 1123 787 1194 sensu
817 1127 966 1207 pernosco
988 1175 1015 1208 .,
1043 1126 1080 1197 Si

79 1226 187 1364 guma
209 1211 243 1281 in
265 1236 299 1281 re
320 1214 489 1298 decipior,
519 1235 577 1283 cur
598 1233 663 1281 non
691 1210 850 1299 deciperet
876 1211 911 1293 in
940 1213 1082 1283 altera?

95 1318 179 1393 tum,
202 1300 277 1387 quia
299 1322 351 1370 me
372 1299 431 1369 else
455 1299 660 1387 persentisco:
683 1299 762 1368 liber
784 1299 878 1383 sum,
906 1299 1079 1386 quincon-

77 1396 217 1457 trnenter
238 1388 379 1457 libertate
403 1409 455 1457 me
476 1386 524 1457 uti
546 1387 689 1457 conscius
711 1385 796 1456 sum.
829 1384 914 1455 Haec
936 1386 1080 1465 tri-milri

77 1467 198 1541 incerta
219 1471 316 1544 lacere
338 1471 489 1544 moliris?-
506 1495 604 1561 opera
626 1473 762 1544 abuteris
784 1523 793 1542 .
839 1470 968 1544 Adeon'
988 1474 1079 1570 enim

78 1578 131 1625 me
152 1557 281 1629 stultum
303 1561 362 1629 esse
384 1560 562 1643 existimas,
583 1577 629 1629 ut
650 1559 743 1631 dietis
764 1581 826 1649 ego
849 1561 913 1639 tuis
936 1577 1044 1648 potius
1066 1608 1079 1645 ,

77 1664 175 1728 quam
199 1656 317 1716 naturai
341 1650 466 1720 credam
489 1643 587 1717 meae?
614 1649 648 1717 ld
670 1646 691 1717 fi
714 1648 817 1735 sapis,
840 1667 925 1718 totus
946 1646 1081 1736 desipise

67 1731 155 1807 Hoc
178 1734 285 1821 potius
305 1756 366 1820 ego
387 1734 446 1804 tibi
472 1734 642 1820 praecipio,
674 1751 712 1805 ut
734 1734 919 1823 intelligas,
951 1737 1078 1820 quotie-

72 1820 220 1909 scumque
242 1823 346 1892 sermo
365 1842 384 1890 a
404 1842 515 1891 natura
536 1821 712 1909 discrepat,
734 1839 788 1891 aut
808 1822 995 1914 convidlum
1016 1821 1077 1897 effe

73 1911 292 1993 mendacium,
315 1926 369 1979 aut
392 1907 455 1979 fine
477 1910 539 1980 ulla
562 1927 669 1979 mente
691 1909 755 1977 oris
777 1907 957 1997 strepitum.
995 1908 1076 1979 Hoc

75 2014 110 2073 tu
131 1997 481 2083 crebroteminiscere,
504 1994 559 2065 nist
584 1996 606 2065 fi
630 1996 890 2075 insanireames.
990 2024 997 2034 ’

121 2085 219 2154 Certa
242 2089 308 2155 haec
327 2085 419 2155 sunt.
445 2086 495 2155 At
517 2082 622 2153 euim.
647 2085 866 2169 Externaenos
888 2082 985 2163 causae
998 2105 1075 2152 corr·

73 2170 217 2241 cutiunt.
262 2173 331 2264 Qui
356 2171 533 2258 systematis
556 2171 706 2241 mundani
732 2187 835 2256 partes
857 2172 963 2240 sumus
984 2192 1002 2238 a
1025 2189 1075 2239 to·

73 2257 135 2326 tius
157 2281 195 2330 ne
218 2260 335 2347 legibus
357 2259 516 2329 immunes
539 2257 677 2329 erimus?
705 2255 805 2346 Quali
827 2257 993 2352 quisquam
1016 2256 1074 2341 srt,

71 2346 127 2429 qui
151 2347 196 2414 ita
220 2351 275 2416 nos
298 2350 331 2415 iu
354 2348 414 2415 hac
444 2348 554 2445 tellure
583 2344 689 2415 inlitos
716 2345 775 2415 else
797 2361 921 2431 putet,
950 2363 984 2415 ut
1016 2365 1074 2412 nec

72 2430 195 2514 calore,
217 2454 273 2499 nec
293 2431 431 2519 frigore,
455 2453 512 2501 trec
535 2436 630 2517 sono,
654 2454 710 2500 nec
724 2435 841 2508 odore,
864 2451 921 2496 nec
942 2432 1075 2516 ullapo·

70 2514 189 2583 stremo
211 2538 272 2598 re,
300 2537 361 2602 qua
382 2518 634 2598 circumdamur,
668 2516 755 2600 tangi
782 2511 960 2596 politanus:
981 2511 1074 2603 ,quali

67 2621 150 2672 terra
171 2653 183 2686 ,
205 2604 385 2686 alimenta,
410 2603 542 2671 climata
564 2602 645 2671 nihil
668 2601 778 2670 nostris
796 2594 958 2677 conserant
986 2601 1072 2691 inge.

67 2691 146 2760 niis.
170 2688 359 2773 Tangamur
379 2709 480 2772 ergo:
501 2709 574 2759 cum
598 2686 664 2756 cati
689 2705 798 2757 tratura
822 2704 1071 2774 temperamenta

65 2777 284 2851 consentiant.
308 2779 398 2865 Quid
421 2776 499 2857 istuc
520 2776 560 2843 ad
581 2796 673 2858 eam,
695 2775 732 2844 de
748 2797 810 2864 qua
823 2774 964 2863 agimus,
985 2798 1070 2865 quae·

66 2867 220 2936 llioneml
263 2863 340 2941 Non
361 2865 449 2931 enim
472 2862 642 2951 querimus
659 2881 716 2953 v,aut
739 2865 794 2951 qui
819 2861 929 2935 natura
951 2863 1069 2950 fimus,

66 2954 123 3023 aui
144 2957 225 3022 unde
247 2953 464 3039 concitemur;
501 2951 550 3019 sed
574 2951 636 3017 hoc
660 2951 794 3036 potius,
821 2972 872 3022 eas
901 2949 1068 3040 poliquam

66 3039 274 3123 sensationes,
297 3037 509 3121 irritationes,
532 3038 728 3134 voluptates,
752 3040 804 3107 vel
816 3040 940 3117 dolores
962 3038 995 3106 in
1010 3061 1067 3106 no-

66 3127 114 3195 bis
136 3126 268 3197 excitari
292 3125 501 3207 senserimus,
532 3141 581 3211 uti
604 3123 702 3195 neiis
725 3147 783 3214 pro
804 3122 912 3220 nostro
933 3122 1073 3213 arbitrio.

67 3213 238 3300 possimus,
262 3212 377 3283 necue?
402 3213 456 3282 Ac
478 3210 732 3298 prout-lubitum
757 3210 852 3281 suerit
876 3208 1065 3299 innutriti

68 3303 131 3386 ipse
153 3302 237 3371 mihi
259 3303 327 3373 sum
352 3298 451 3369 tellis.
477 3297 703 3386 Quidattinet
725 3297 878 3379 convjdla
895 3297 1072 3394 aequuum

65 3389 113 3458 bis
133 3388 276 3459 elevare?
326 3386 501 3457 Neminem
525 3405 579 3454 me
600 3383 705 3469 audire
726 3404 850 3465 certum
873 3380 915 3471 qli
940 3408 951 3452 a
978 3401 1067 3465 curus

63 3477 171 3556 lingua
193 3498 267 3544 cunt
291 3493 402 3544 natura
423 3477 604 3559 depugnat.
628 3469 711 3536 Satis
733 3468 765 3537 id
787 3468 936 3553 dietum,
967 3514 971 3549 z

107 3563 192 3633 Ecce
213 3583 338 3636 autem:
370 3557 427 3648 qui
449 3576 553 3630 tantae
574 3557 743 3668 motiones
754 3578 814 3645 pro
836 3546 1065 3700 impegiqaaro·
