2414 4110
309 154 882 273 ”enarraturum
1029 220 1069 285 41

112 315 227 390 eloris,
247 310 386 377 natabula
407 311 543 378 videntur
561 313 617 377 elle
636 306 750 376 nihili.
781 306 849 401 Ego'
866 308 924 401 qut,
937 310 967 377 in
988 328 1023 379 ea
1044 310 1110 376 lune

119 390 262 461 sententia
285 408 416 457 mentem
438 395 595 458 humanam
628 393 699 454 dnm
721 408 841 467 corpora
859 392 1014 468 conruniia
1033 390 1112 475 etl,

118 474 195 542 nihil
211 492 264 539 nec
284 494 390 554 agere,
411 494 464 538 nec
484 472 544 553 pati
566 469 618 538 nist
640 488 863 551 cumcurpore,
882 490 941 562 qun
959 474 1109 540 velutiin·

122 557 279 622 lirnmemo
300 555 414 633 utitur,
435 576 496 620 rem
519 550 558 619 lic
576 554 712 630 explico.
744 554 794 617 Et
817 549 936 629 lingulis
952 552 1108 642 phantaliie

121 637 242 703 totidem
264 637 420 701 uoluuntur
441 636 473 699 in
493 651 557 701 tota
577 632 637 700 tela
657 634 797 712 nervosa,
818 650 876 714 qna
887 648 1108 723 praertpuecon-

119 718 232 783 tinetnr
252 716 313 782 rita
333 715 494 791 animalis,
513 715 715 792 irritationes,
735 734 834 795 euque
855 714 884 777 in
908 728 1026 776 tattone
1044 714 1109 781 lunt

113 796 315 879 r'ureufiraruu
335 796 548 878 perceptionum
569 796 734 877 bonorum,
763 796 813 859 vel
835 793 1010 870 malornm;
1039 812 1109 869 anae

111 878 318 960 perceptiones
338 883 442 951 bona,
463 889 513 937 ant
533 876 917 954 melaeepraeleneatavoco.
938 874 1005 953 Jam
1017 892 1110 953 quum

115 970 293 1034 bonorum,
316 973 368 1019 aut
387 954 532 1019 malornm
554 955 808 1035 representatorum
828 954 978 1021 intensurus
991 974 1053 1020 nou
1076 951 1112 1019 lit

111 1039 237 1119 aequalis
256 1037 298 1101 ob
317 1055 365 1101 eas
385 1056 448 1118 res,
465 1055 540 1119 quas
560 1037 629 1099 luco
650 1035 702 1097 sno
722 1035 892 1112 explicaturi
911 1037 1040 1116 fumosa
1074 1033 1110 1101 fit

116 1137 175 1197 ut,
198 1138 236 1182 ne
257 1116 437 1183 irritationes
456 1118 574 1197 quidem
589 1116 656 1181 'illae
676 1112 732 1178 fint
752 1116 892 1195 aquales.
920 1118 986 1196 Jam
1008 1117 1039 1183 in
1059 1136 1115 1194 ra·¹

116 1200 199 1264 tione
218 1196 414 1265 irritationum
437 1199 554 1264 illarum
576 1199 746 1263 excitantur
767 1197 797 1260 io
818 1196 901 1261 nubis
929 1198 1023 1264 lenius
1051 1220 1107 1263 ro·

114 1276 256 1361 luptatis,
286 1296 337 1344 aut
367 1280 493 1344 doloris:
523 1277 575 1361 qui
606 1277 640 1343 δι
660 1277 710 1357 ioli
744 1276 900 1358 inequales
932 1280 1103 1360 plerumque

113 1360 197 1428 lunt.
238 1362 271 1426 A
295 1360 374 1426 lenlu
394 1360 523 1442 doloris,
556 1360 605 1424 vel
636 1360 797 1438 voluptatis
817 1353 974 1425 intenfiore
993 1359 1104 1442 semper

114 1440 322 1507 vehementior
342 1443 490 1509 excitatur
508 1441 680 1520 appetitura
700 1459 770 1518 ergo
789 1439 1105 1519 appetitns'excitatut

110 1518 143 1587 in
165 1523 279 1589 tatione
300 1524 435 1588 bonerum
456 1539 507 1588 aut
527 1523 669 1586 maiarum
681 1520 965 1602 representatum,
984 1520 1055 1585 idest
1074 1522 1107 1587 in

112 1603 228 1667 ratione
247 1602 713 1682 inmusitatum-commotionum,
734 1599 1106 1695 atqoeidcircopereeprir-

112 1707 206 1747 uum.
238 1684 347 1765 Itaque
368 1683 388 1746 su
408 1682 581 1761 contingat,
598 1699 633 1746 ut
652 1684 753 1746 endem
776 1701 909 1764 tempore
929 1684 988 1749 duo
1009 1684 1107 1749 urru-

110 1762 140 1828 sa
161 1763 278 1842 ubjeelu
301 1780 460 1843 utrumque
479 1761 774 1839 nonumviteautun
795 1765 893 1842 nrA,
915 1765 963 1844 1³3
987 1766 1017 1831 A
1037 1767 1107 1843 uni.

108 1846 177 1910 dem
200 1845 314 1924 animi,
335 1846 365 1912 Β
385 1866 456 1910 vero
477 1844 627 1923 corporis,
647 1843 944 1925 hocqueiuteofitatis
963 1849 1004 1925 6,
1025 1846 1100 1911 illuri

106 1950 128 2005 4
149 1927 327 2006 percipiatur
345 1948 357 2006 ς
388 1925 602 2011 consequetur,
637 1923 760 1991 excitari
782 1927 944 2004 appetitum
975 1947 1042 2008 erga
1063 1930 1099 1996 A

109 2007 321 2087 propenlione,
350 2022 384 2070 ut
405 2032 447 2088 4,
478 2007 615 2084 ergata,
647 2022 681 2072 ut
702 2011 742 2084 6,
769 2027 834 2086 quae
855 2006 895 2072 etl
915 2008 1098 2085 appetituum

109 2107 224 2167 putum
245 2109 318 2166 nuos
339 2088 484 2167 appetitus
504 2087 632 2162 impetus
652 2087 671 2148 st
692 2088 832 2164 libertas,
860 2104 896 2152 ut
928 2088 1000 2165 laepe
1019 2109 1103 2155 cotn-

110 2168 354 2250 percurrerunt,
386 2171 428 2232 ita
458 2168 614 2248 sequatur,
644 2165 725 2246 iique
745 2187 828 2231 extra
849 2168 979 2247 regulam
1010 2166 1099 2250 fior,

106 2248 145 2314 fit
162 2266 194 2315 ut
216 2268 321 2315 eontra
341 2250 491 2315 tationem
511 2268 659 2325 agamus:
690 2262 779 2329 atque
800 2249 856 2312 hnc
875 2248 914 2311 eli
934 2248 1034 2314 videre
1051 2251 1101 2315 bo·

105 2351 169 2424 na,
188 2331 329 2399 deteriora
342 2330 451 2415 sequi,
474 2331 615 2410 &legem
623 2327 763 2412 sensuum
774 2328 1008 2412 adruluslegeu
1020 2354 1100 2399 man·

106 2416 392 2558 mniiievtiiiiiitus
411 2495 459 2572 (e)
480 2492 539 2560 duo
558 2492 616 2562 alia
637 2491 865 2560 inclinationum
878 2494 1099 2575 generamur,

104 2570 295 2654 congenitus,
316 2576 355 2638 <a
376 2573 554 2718 arffuifitar,
575 2575 782 2664 atque-primae
794 2573 945 2635 naturales
953 2572 1098 2652 appellat.

105 2650 217 2729 Operae
238 2654 366 2730 pretinm
387 2676 404 2717 r
449 2657 597 2733 integrum
618 2662 681 2730 erus
701 2655 798 2717 lucum
816 2649 1036 2719 transcribere:
1064 2654 1100 2723 Si

100 2741 202 2810 Deur,
223 2733 320 2815 inquit
341 2735 413 2814 ille,
455 2757 526 2799 uum
546 2734 622 2799 hunc
634 2734 774 2801 mundum
793 2734 922 2817 creavit,
942 2736 1104 2809 materiata

99 2812 294 2897 undequaque
312 2756 484 2898 immeuzm
505 2812 675 2894 strovilia,
706 2836 755 2879 uec
782 2816 878 2880 ullam
907 2813 935 2879 ei
952 2816 1018 2883 uim
1036 2840 1098 2884 rur-

101 2896 202 2959 tricem
223 2895 397 2978 iudidiffer,
416 2896 503 2961 uuila
522 2894 645 2977 profesta
654 2914 800 2975 corporum
810 2895 1099 2977 variempruutlris·

92 2975 159 3055 let.
181 2988 275 3041 Tutus
281 2976 378 3059 potirer
389 2976 597 3061 adspeiiabiiis
607 2976 654 3041 iric
662 2976 876 3044 muuduruibii
883 2976 1045 3042 etiamnum
1053 2976 1097 3060 cll

91 3055 160 3138 see,
182 3055 237 3135 nist
246 3055 712 3138 pandurinert‚vastrqtremoler
723 3107 733 3141 ‚
743 3078 805 3142 aaa
813 3054 1018 3136 demanarunt
1029 3059 1097 3140 qui·

96 3137 162 3201 dem
177 3139 328 3217 summam
348 3139 406 3206 Dei
423 3139 606 3223 potentiam,
628 3137 912 3222 &magnitudinem
945 3137 1096 3217 sedunila

86 3216 253 3296 formarum
263 3219 421 3301 disiiuiiur
434 3220 600 3296 verietate,
620 3223 707 3286 nulia
725 3244 818 3286 rerum
824 3181 996 3301 surceffioue
1035 3243 1096 3304 qua

94 3298 297 3390 univerfitatir
306 3326 399 3367 rerum
407 3298 596 3379 pulchritudo
606 3301 774 3376 trutinetur,
782 3299 947 3391 precedere
959 3267 1043 3364 uuila
1051 3321 1096 3366 et·

94 3400 158 3442 eam
168 3380 276 3445 divine
282 3383 437 3462 sapientie
448 3378 560 3445 indicia
568 3385 721 3462 preberet.
741 3390 815 3446 Sunt
826 3399 923 3445 autern
933 3401 966 3444 en
972 3380 1095 3460 spiriri-

84 3458 150 3522 bus
167 3462 362 3544 perpenfirner
375 3466 412 3529 Φ
422 3460 626 3529 inclinationes
634 3461 668 3527 iu
676 3462 726 3527 hoc
737 3458 1001 3547 intelligentiarum
998 3484 1095 3605 ἕηκε·

1019 3564 1055 3615 o,

83 3650 241 3672 u———n
620 3647 1097 3672 ‘w

128 3698 176 3778 (a)
197 3696 263 3767 Lib.
282 3723 311 3785 4
330 3702 368 3767 ae
389 3700 566 3783 inquirende
585 3697 712 3768 ueritate
731 3715 794 3782 cap.
818 3719 844 3769 a.
