<?xml version="1.0" encoding="UTF-8"?>
<!DOCTYPE html PUBLIC "-//W3C//DTD XHTML 1.0 Transitional//EN"
    "http://www.w3.org/TR/xhtml1/DTD/xhtml1-transitional.dtd">
<html xmlns="http://www.w3.org/1999/xhtml" xml:lang="en" lang="en">
 <head>
  <title>
</title>
<meta http-equiv="Content-Type" content="text/html;charset=utf-8" />
  <meta name='ocr-system' content='tesseract 3.04.00' />
  <meta name='ocr-capabilities' content='ocr_page ocr_carea ocr_par ocr_line ocrx_word'/>
</head>
<body>
  <div class='ocr_page' id='page_1' title='image "antoniigenuensi02genogoog_0012.png"; bbox 0 0 2414 4110; ppageno 0'>
   <div class='ocr_carea' id='block_1_1' title="bbox 1073 209 1089 278">
    <p class='ocr_par' dir='ltr' id='par_1_1' title="bbox 1073 209 1089 278">
     <span class='ocr_line' id='line_1_1' title="bbox 1073 209 1089 278; baseline 0 0"><span class='ocrx_word' id='word_1_1' title='bbox 1073 209 1089 278; x_wconf 73' lang='lat' dir='ltr'>l</span> 
     </span>
    </p>
   </div>
   <div class='ocr_carea' id='block_1_2' title="bbox 53 268 1134 591">
    <p class='ocr_par' dir='ltr' id='par_1_2' title="bbox 53 268 1134 591">
     <span class='ocr_line' id='line_1_2' title="bbox 53 268 1133 404; baseline -0.031 -1"><span class='ocrx_word' id='word_1_2' title='bbox 53 268 60 278; x_wconf 11' lang='grc' dir='ltr'>ἢ</span> <span class='ocrx_word' id='word_1_3' title='bbox 112 287 201 402; x_wconf 62' lang='grc' dir='ltr'>ἱ22221</span> <span class='ocrx_word' id='word_1_4' title='bbox 220 322 290 397; x_wconf 85' lang='lat' dir='ltr'>Mei</span> <span class='ocrx_word' id='word_1_5' title='bbox 314 295 406 397; x_wconf 84' lang='lat' dir='ltr'>snm:</span> <span class='ocrx_word' id='word_1_6' title='bbox 427 310 612 391; x_wconf 74' lang='lat' dir='ltr'><em>Rationalis</em></span> <span class='ocrx_word' id='word_1_7' title='bbox 633 311 722 385; x_wconf 89' lang='lat' dir='ltr'>sum.</span> <span class='ocrx_word' id='word_1_8' title='bbox 746 309 838 400; x_wconf 85' lang='lat' dir='ltr'>Quid</span> <span class='ocrx_word' id='word_1_9' title='bbox 859 327 894 380; x_wconf 89' lang='lat' dir='ltr'>tu</span> <span class='ocrx_word' id='word_1_10' title='bbox 917 295 1133 404; x_wconf 74' lang='lat' dir='ltr'>crilpnssron·</span> 
     </span>
     <span class='ocr_line' id='line_1_3' title="bbox 125 391 1133 503; baseline -0.028 -16"><span class='ocrx_word' id='word_1_11' title='bbox 125 435 210 502; x_wconf 86' lang='lat' dir='ltr'>tent,</span> <span class='ocrx_word' id='word_1_12' title='bbox 232 414 309 503; x_wconf 84' lang='lat' dir='ltr'>qnia</span> <span class='ocrx_word' id='word_1_13' title='bbox 329 408 397 481; x_wconf 80' lang='lat' dir='ltr'>disti</span> <span class='ocrx_word' id='word_1_14' title='bbox 421 401 587 477; x_wconf 81' lang='lat' dir='ltr'>rationalis</span> <span class='ocrx_word' id='word_1_15' title='bbox 602 399 694 490; x_wconf 81' lang='lat' dir='ltr'>som?</span> <span class='ocrx_word' id='word_1_16' title='bbox 716 396 775 498; x_wconf 63' lang='lat' dir='ltr'>Tu</span> <span class='ocrx_word' id='word_1_17' title='bbox 799 420 856 480; x_wconf 87' lang='lat' dir='ltr'>ne,</span> <span class='ocrx_word' id='word_1_18' title='bbox 877 398 1002 482; x_wconf 82' lang='lat' dir='ltr'>inquis,</span> <span class='ocrx_word' id='word_1_19' title='bbox 1024 391 1133 490; x_wconf 70' lang='grc'><strong>01010·</strong></span> 
     </span>
     <span class='ocr_line' id='line_1_4' title="bbox 126 477 1134 591; baseline -0.033 -16"><span class='ocrx_word' id='word_1_20' title='bbox 126 503 236 591; x_wconf 83' lang='lat' dir='ltr'>sophus</span> <span class='ocrx_word' id='word_1_21' title='bbox 260 498 323 569; x_wconf 83' lang='lat' dir='ltr'>line</span> <span class='ocrx_word' id='word_1_22' title='bbox 344 501 421 569; x_wconf 91' lang='lat' dir='ltr'>duce</span> <span class='ocrx_word' id='word_1_23' title='bbox 443 496 456 566; x_wconf 75' lang='grc' dir='ltr'><strong><em>ἓ</em></strong></span> <span class='ocrx_word' id='word_1_24' title='bbox 480 493 571 581; x_wconf 84' lang='lat' dir='ltr'><strong>Quid</strong></span> <span class='ocrx_word' id='word_1_25' title='bbox 594 487 727 560; x_wconf 85' lang='lat' dir='ltr'>monstrt</span> <span class='ocrx_word' id='word_1_26' title='bbox 750 486 828 555; x_wconf 82' lang='lat' dir='ltr'>ilinc</span> <span class='ocrx_word' id='word_1_27' title='bbox 851 482 915 566; x_wconf 83' lang='lat' dir='ltr'>est,</span> <span class='ocrx_word' id='word_1_28' title='bbox 931 477 1014 571; x_wconf 74' lang='lat' dir='ltr'>lesio</span> <span class='ocrx_word' id='word_1_29' title='bbox 1037 492 1134 546; x_wconf 79' lang='lat' dir='ltr'>sarro-</span> 
     </span>
    </p>
   </div>
   <div class='ocr_carea' id='block_1_3' title="bbox 91 568 1161 3821">
    <p class='ocr_par' dir='ltr' id='par_1_3' title="bbox 115 568 1133 1179">
     <span class='ocr_line' id='line_1_5' title="bbox 123 568 1133 675; baseline -0.02 -19"><span class='ocrx_word' id='word_1_30' title='bbox 123 588 235 656; x_wconf 85' lang='lat' dir='ltr'>oalis?</span> <span class='ocrx_word' id='word_1_31' title='bbox 259 591 293 659; x_wconf 96' lang='grc' dir='ltr'><strong>Ο</strong></span> <span class='ocrx_word' id='word_1_32' title='bbox 315 587 487 675; x_wconf 71' lang='lat' dir='ltr'>protelare!</span> <span class='ocrx_word' id='word_1_33' title='bbox 532 578 621 648; x_wconf 84' lang='lat' dir='ltr'>Tam</span> <span class='ocrx_word' id='word_1_34' title='bbox 645 575 705 644; x_wconf 85' lang='lat' dir='ltr'>tibi</span> <span class='ocrx_word' id='word_1_35' title='bbox 728 590 912 643; x_wconf 77' lang='lat' dir='ltr'>contemtus</span> <span class='ocrx_word' id='word_1_36' title='bbox 934 573 997 667; x_wconf 69' lang='lat' dir='ltr'>dun</span> <span class='ocrx_word' id='word_1_37' title='bbox 1017 568 1061 637; x_wconf 87' lang='lat' dir='ltr'>est</span> <span class='ocrx_word' id='word_1_38' title='bbox 1082 588 1133 666; x_wconf 66' lang='grc'>22·</span> 
     </span>
     <span class='ocr_line' id='line_1_6' title="bbox 118 654 1131 758; baseline -0.025 -11"><span class='ocrx_word' id='word_1_39' title='bbox 118 678 192 758; x_wconf 77' lang='lat' dir='ltr'>tio,</span> <span class='ocrx_word' id='word_1_40' title='bbox 215 690 252 746; x_wconf 87' lang='lat' dir='ltr'>ut</span> <span class='ocrx_word' id='word_1_41' title='bbox 273 675 302 745; x_wconf 91' lang='lat' dir='ltr'>ei</span> <span class='ocrx_word' id='word_1_42' title='bbox 317 675 427 753; x_wconf 56' lang='grc'>7211222</span> <span class='ocrx_word' id='word_1_43' title='bbox 452 667 637 736; x_wconf 72' lang='lat' dir='ltr'>mortalium</span> <span class='ocrx_word' id='word_1_44' title='bbox 660 654 855 748; x_wconf 76' lang='lat' dir='ltr'>anteponas?</span> <span class='ocrx_word' id='word_1_45' title='bbox 875 656 933 729; x_wconf 88' lang='lat' dir='ltr'>Tu</span> <span class='ocrx_word' id='word_1_46' title='bbox 958 672 1053 739; x_wconf 73' lang='lat' dir='ltr'>tpttnr</span> <span class='ocrx_word' id='word_1_47' title='bbox 1067 675 1131 723; x_wconf 81' lang='lat' dir='ltr'>mt-</span> 
     </span>
     <span class='ocr_line' id='line_1_7' title="bbox 117 740 1129 842; baseline -0.024 -8"><span class='ocrx_word' id='word_1_48' title='bbox 117 765 157 834; x_wconf 90' lang='lat' dir='ltr'>hi-</span> <span class='ocrx_word' id='word_1_49' title='bbox 176 764 231 835; x_wconf 88' lang='lat' dir='ltr'>dic</span> <span class='ocrx_word' id='word_1_50' title='bbox 250 778 388 842; x_wconf 78' lang='lat' dir='ltr'>contra,</span> <span class='ocrx_word' id='word_1_51' title='bbox 410 754 488 842; x_wconf 87' lang='lat' dir='ltr'>quid</span> <span class='ocrx_word' id='word_1_52' title='bbox 507 752 586 823; x_wconf 85' lang='lat' dir='ltr'>illuc</span> <span class='ocrx_word' id='word_1_53' title='bbox 606 751 648 820; x_wconf 88' lang='lat' dir='ltr'>est</span> <span class='ocrx_word' id='word_1_54' title='bbox 672 802 682 834; x_wconf 90' lang='lat'>,</span> <span class='ocrx_word' id='word_1_55' title='bbox 702 746 822 814; x_wconf 84' lang='lat' dir='ltr'>animal</span> <span class='ocrx_word' id='word_1_56' title='bbox 845 740 999 815; x_wconf 76' lang='lat' dir='ltr'><em>rationale</em></span> <span class='ocrx_word' id='word_1_57' title='bbox 1021 741 1033 811; x_wconf 75' lang='grc' dir='ltr'>Ξ</span> <span class='ocrx_word' id='word_1_58' title='bbox 1062 743 1129 840; x_wconf 27' lang='lat' dir='ltr'>‘Sis</span> 
     </span>
     <span class='ocr_line' id='line_1_8' title="bbox 116 828 1128 969; baseline -0.02 -53"><span class='ocrx_word' id='word_1_59' title='bbox 116 870 196 939; x_wconf 81' lang='lat' dir='ltr'>ergo</span> <span class='ocrx_word' id='word_1_60' title='bbox 218 848 333 936; x_wconf 80' lang='lat' dir='ltr'>tuqui</span> <span class='ocrx_word' id='word_1_61' title='bbox 356 842 466 911; x_wconf 83' lang='lat' dir='ltr'>velis:</span> <span class='ocrx_word' id='word_1_62' title='bbox 487 861 547 969; x_wconf 78' lang='grc' dir='ltr'>2ξο</span> <span class='ocrx_word' id='word_1_63' title='bbox 565 838 588 906; x_wconf 82' lang='grc'>12</span> <span class='ocrx_word' id='word_1_64' title='bbox 611 836 730 919; x_wconf 82' lang='lat' dir='ltr'>animal</span> <span class='ocrx_word' id='word_1_65' title='bbox 750 832 985 936; x_wconf 71' lang='grc'><strong>2112222102212</strong></span> <span class='ocrx_word' id='word_1_66' title='bbox 1010 828 1128 911; x_wconf 81' lang='grc'><strong>221222,</strong></span> 
     </span>
     <span class='ocr_line' id='line_1_9' title="bbox 116 914 1130 1006; baseline -0.023 0"><span class='ocrx_word' id='word_1_67' title='bbox 116 954 155 1006; x_wconf 86' lang='grc'>20</span> <span class='ocrx_word' id='word_1_68' title='bbox 177 936 340 1004; x_wconf 74' lang='lat' dir='ltr'>nentium</span> <span class='ocrx_word' id='word_1_69' title='bbox 362 928 518 1000; x_wconf 81' lang='lat' dir='ltr'>irasceris.</span> <span class='ocrx_word' id='word_1_70' title='bbox 567 926 626 994; x_wconf 86' lang='lat' dir='ltr'>Sed</span> <span class='ocrx_word' id='word_1_71' title='bbox 649 941 721 992; x_wconf 88' lang='lat' dir='ltr'>utro</span> <span class='ocrx_word' id='word_1_72' title='bbox 743 941 778 1004; x_wconf 89' lang='lat' dir='ltr'>m</span> <span class='ocrx_word' id='word_1_73' title='bbox 800 947 850 993; x_wconf 88' lang='lat' dir='ltr'>vts</span> <span class='ocrx_word' id='word_1_74' title='bbox 872 945 923 991; x_wconf 88' lang='lat' dir='ltr'>me</span> <span class='ocrx_word' id='word_1_75' title='bbox 947 922 1048 990; x_wconf 89' lang='lat' dir='ltr'>modo</span> <span class='ocrx_word' id='word_1_76' title='bbox 1070 914 1130 985; x_wconf 83' lang='grc'><strong>2112</strong></span> 
     </span>
     <span class='ocr_line' id='line_1_10' title="bbox 115 1006 1129 1106; baseline -0.021 -13"><span class='ocrx_word' id='word_1_77' title='bbox 115 1023 195 1093; x_wconf 77' lang='lat' dir='ltr'>sac.</span> <span class='ocrx_word' id='word_1_78' title='bbox 220 1020 311 1091; x_wconf 77' lang='lat' dir='ltr'>Nom</span> <span class='ocrx_word' id='word_1_79' title='bbox 333 1035 464 1106; x_wconf 78' lang='lat' dir='ltr'>utroque</span> <span class='ocrx_word' id='word_1_80' title='bbox 485 1035 547 1102; x_wconf 78' lang='lat' dir='ltr'>ego</span> <span class='ocrx_word' id='word_1_81' title='bbox 569 1012 671 1085; x_wconf 92' lang='lat' dir='ltr'>modo</span> <span class='ocrx_word' id='word_1_82' title='bbox 687 1011 788 1081; x_wconf 76' lang='lat' dir='ltr'>volere</span> <span class='ocrx_word' id='word_1_83' title='bbox 809 1029 840 1081; x_wconf 88' lang='lat' dir='ltr'>tt</span> <span class='ocrx_word' id='word_1_84' title='bbox 864 1010 976 1097; x_wconf 83' lang='lat' dir='ltr'>jubeo,</span> <span class='ocrx_word' id='word_1_85' title='bbox 999 1028 1035 1077; x_wconf 88' lang='lat' dir='ltr'>ac</span> <span class='ocrx_word' id='word_1_86' title='bbox 1060 1006 1129 1093; x_wconf 87' lang='lat' dir='ltr'>plu·</span> 
     </span>
     <span class='ocr_line' id='line_1_11' title="bbox 121 1107 584 1179; baseline -0.004 -1"><span class='ocrx_word' id='word_1_87' title='bbox 121 1108 243 1179; x_wconf 87' lang='lat' dir='ltr'>timum</span> <span class='ocrx_word' id='word_1_88' title='bbox 266 1107 390 1177; x_wconf 85' lang='lat' dir='ltr'>valere.</span> <span class='ocrx_word' id='word_1_89' title='bbox 580 1138 584 1147; x_wconf 94' lang='lat'><em>·</em></span> 
     </span>
    </p>

    <p class='ocr_par' dir='ltr' id='par_1_4' title="bbox 103 1182 1129 2392">
     <span class='ocr_line' id='line_1_12' title="bbox 162 1182 1129 1279; baseline -0.014 -16"><span class='ocrx_word' id='word_1_90' title='bbox 162 1194 201 1263; x_wconf 88' lang='lat' dir='ltr'>P.</span> <span class='ocrx_word' id='word_1_91' title='bbox 225 1196 257 1266; x_wconf 84' lang='lat' dir='ltr'>S.</span> <span class='ocrx_word' id='word_1_92' title='bbox 280 1195 359 1265; x_wconf 80' lang='lat' dir='ltr'>Erat</span> <span class='ocrx_word' id='word_1_93' title='bbox 382 1194 449 1276; x_wconf 83' lang='lat' dir='ltr'>iam</span> <span class='ocrx_word' id='word_1_94' title='bbox 472 1191 542 1263; x_wconf 81' lang='lat' dir='ltr'>hoec</span> <span class='ocrx_word' id='word_1_95' title='bbox 562 1193 657 1263; x_wconf 86' lang='lat' dir='ltr'>tertia</span> <span class='ocrx_word' id='word_1_96' title='bbox 679 1207 749 1274; x_wconf 79' lang='lat' dir='ltr'>pots</span> <span class='ocrx_word' id='word_1_97' title='bbox 768 1188 809 1279; x_wconf 85' lang='lat' dir='ltr'>¹ad</span> <span class='ocrx_word' id='word_1_98' title='bbox 833 1182 1022 1260; x_wconf 88' lang='lat' dir='ltr'>umbilicum</span> <span class='ocrx_word' id='word_1_99' title='bbox 1057 1202 1129 1267; x_wconf 83' lang='lat' dir='ltr'>per·</span> 
     </span>
     <span class='ocr_line' id='line_1_13' title="bbox 112 1273 1126 1369; baseline -0.014 -17"><span class='ocrx_word' id='word_1_100' title='bbox 112 1282 232 1367; x_wconf 74' lang='lat' dir='ltr'>ouda,</span> <span class='ocrx_word' id='word_1_101' title='bbox 253 1303 354 1369; x_wconf 88' lang='lat' dir='ltr'>quum</span> <span class='ocrx_word' id='word_1_102' title='bbox 376 1283 429 1352; x_wconf 88' lang='lat' dir='ltr'>vir</span> <span class='ocrx_word' id='word_1_103' title='bbox 451 1280 534 1351; x_wconf 86' lang='lat' dir='ltr'>mihi</span> <span class='ocrx_word' id='word_1_104' title='bbox 555 1276 787 1361; x_wconf 79' lang='lat' dir='ltr'>omicilstmns,</span> <span class='ocrx_word' id='word_1_105' title='bbox 809 1279 858 1349; x_wconf 89' lang='lat' dir='ltr'>cui</span> <span class='ocrx_word' id='word_1_106' title='bbox 882 1298 942 1366; x_wconf 82' lang='lat' dir='ltr'>ego</span> <span class='ocrx_word' id='word_1_107' title='bbox 965 1273 1126 1369; x_wconf 78' lang='lat' dir='ltr'>perlegen-</span> 
     </span>
     <span class='ocr_line' id='line_1_14' title="bbox 112 1362 1124 1456; baseline -0.014 -19"><span class='ocrx_word' id='word_1_108' title='bbox 112 1372 188 1444; x_wconf 81' lang='lat' dir='ltr'>dam</span> <span class='ocrx_word' id='word_1_109' title='bbox 210 1373 382 1456; x_wconf 79' lang='lat' dir='ltr'>dederam,</span> <span class='ocrx_word' id='word_1_110' title='bbox 404 1369 559 1451; x_wconf 81' lang='lat' dir='ltr'>monuit,</span> <span class='ocrx_word' id='word_1_111' title='bbox 581 1389 651 1454; x_wconf 80' lang='lat' dir='ltr'>quoe</span> <span class='ocrx_word' id='word_1_112' title='bbox 674 1367 867 1451; x_wconf 85' lang='lat' dir='ltr'>lequuntur.</span> <span class='ocrx_word' id='word_1_113' title='bbox 901 1362 1049 1432; x_wconf 87' lang='lat' dir='ltr'>Primum</span> <span class='ocrx_word' id='word_1_114' title='bbox 1074 1376 1124 1424; x_wconf 82' lang='lat' dir='ltr'>vt·</span> 
     </span>
     <span class='ocr_line' id='line_1_15' title="bbox 110 1443 1125 1545; baseline -0.013 -20"><span class='ocrx_word' id='word_1_115' title='bbox 110 1456 178 1526; x_wconf 85' lang='lat' dir='ltr'>deri</span> <span class='ocrx_word' id='word_1_116' title='bbox 200 1455 253 1525; x_wconf 84' lang='lat' dir='ltr'>sthi</span> <span class='ocrx_word' id='word_1_117' title='bbox 277 1458 395 1545; x_wconf 84' lang='lat' dir='ltr'>quaein</span> <span class='ocrx_word' id='word_1_118' title='bbox 417 1481 433 1524; x_wconf 86' lang='grc'>2</span> <span class='ocrx_word' id='word_1_119' title='bbox 459 1458 588 1544; x_wconf 85' lang='lat' dir='ltr'>pendice</span> <span class='ocrx_word' id='word_1_120' title='bbox 608 1453 651 1520; x_wconf 83' lang='lat' dir='ltr'>ad</span> <span class='ocrx_word' id='word_1_121' title='bbox 672 1454 846 1524; x_wconf 82' lang='lat' dir='ltr'>libertatem</span> <span class='ocrx_word' id='word_1_122' title='bbox 868 1449 983 1520; x_wconf 84' lang='lat' dir='ltr'>dillero</span> <span class='ocrx_word' id='word_1_123' title='bbox 1005 1443 1125 1515; x_wconf 82' lang='lat' dir='ltr'>obstru-</span> 
     </span>
     <span class='ocr_line' id='line_1_16' title="bbox 110 1481 1122 1630; baseline -0.004 -20"><span class='ocrx_word' id='word_1_124' title='bbox 110 1541 209 1628; x_wconf 83' lang='lat' dir='ltr'>stora,</span> <span class='ocrx_word' id='word_1_125' title='bbox 231 1565 331 1630; x_wconf 84' lang='lat' dir='ltr'>qnam</span> <span class='ocrx_word' id='word_1_126' title='bbox 350 1562 387 1614; x_wconf 88' lang='lat' dir='ltr'>ut</span> <span class='ocrx_word' id='word_1_127' title='bbox 410 1481 498 1630; x_wconf 56' lang='lat' dir='ltr'>pistre</span> <span class='ocrx_word' id='word_1_128' title='bbox 521 1541 656 1628; x_wconf 82' lang='lat' dir='ltr'>intelligi</span> <span class='ocrx_word' id='word_1_129' title='bbox 679 1538 969 1629; x_wconf 80' lang='lat' dir='ltr'>comprehendique</span> <span class='ocrx_word' id='word_1_130' title='bbox 987 1531 1122 1620; x_wconf 81' lang='lat' dir='ltr'>poffint·</span> 
     </span>
     <span class='ocr_line' id='line_1_17' title="bbox 112 1614 1123 1717; baseline -0.008 -19"><span class='ocrx_word' id='word_1_131' title='bbox 112 1627 207 1698; x_wconf 90' lang='lat' dir='ltr'>Tum</span> <span class='ocrx_word' id='word_1_132' title='bbox 233 1650 305 1717; x_wconf 85' lang='lat' dir='ltr'>pag.</span> <span class='ocrx_word' id='word_1_133' title='bbox 330 1652 403 1714; x_wconf 88' lang='grc'><strong>292.</strong></span> <span class='ocrx_word' id='word_1_134' title='bbox 424 1630 457 1696; x_wconf 89' lang='lat'>&amp;</span> <span class='ocrx_word' id='word_1_135' title='bbox 481 1649 553 1712; x_wconf 85' lang='lat'>293.</span> <span class='ocrx_word' id='word_1_136' title='bbox 574 1630 693 1697; x_wconf 89' lang='lat' dir='ltr'>dnobus</span> <span class='ocrx_word' id='word_1_137' title='bbox 716 1628 795 1698; x_wconf 87' lang='lat' dir='ltr'>locis</span> <span class='ocrx_word' id='word_1_138' title='bbox 818 1624 1052 1717; x_wconf 85' lang='lat' dir='ltr'>aliquantulum</span> <span class='ocrx_word' id='word_1_139' title='bbox 1075 1614 1123 1690; x_wconf 79' lang='lat' dir='ltr'>oi·</span> 
     </span>
     <span class='ocr_line' id='line_1_18' title="bbox 109 1712 1121 1804; baseline -0.007 -20"><span class='ocrx_word' id='word_1_140' title='bbox 109 1712 231 1786; x_wconf 82' lang='lat' dir='ltr'>sensum</span> <span class='ocrx_word' id='word_1_141' title='bbox 255 1769 266 1800; x_wconf 94' lang='lat'>,</span> <span class='ocrx_word' id='word_1_142' title='bbox 289 1735 427 1804; x_wconf 89' lang='lat' dir='ltr'>quorum</span> <span class='ocrx_word' id='word_1_143' title='bbox 449 1717 551 1784; x_wconf 77' lang='lat' dir='ltr'>altero</span> <span class='ocrx_word' id='word_1_144' title='bbox 573 1713 703 1800; x_wconf 81' lang='lat' dir='ltr'>scisco,</span> <span class='ocrx_word' id='word_1_145' title='bbox 726 1735 870 1787; x_wconf 85' lang='lat' dir='ltr'>naturam</span> <span class='ocrx_word' id='word_1_146' title='bbox 894 1737 951 1784; x_wconf 88' lang='lat' dir='ltr'>nos</span> <span class='ocrx_word' id='word_1_147' title='bbox 973 1713 1086 1780; x_wconf 88' lang='lat' dir='ltr'>docere</span> <span class='ocrx_word' id='word_1_148' title='bbox 1108 1758 1121 1793; x_wconf 89' lang='lat'>‚</span> 
     </span>
     <span class='ocr_line' id='line_1_19' title="bbox 109 1800 1121 1881; baseline -0.007 -10"><span class='ocrx_word' id='word_1_149' title='bbox 109 1824 176 1871; x_wconf 89' lang='lat' dir='ltr'>non</span> <span class='ocrx_word' id='word_1_150' title='bbox 198 1822 324 1873; x_wconf 80' lang='lat' dir='ltr'>tantum</span> <span class='ocrx_word' id='word_1_151' title='bbox 350 1806 456 1872; x_wconf 88' lang='lat' dir='ltr'>Deum</span> <span class='ocrx_word' id='word_1_152' title='bbox 479 1800 538 1871; x_wconf 85' lang='grc'><strong>2112</strong></span> <span class='ocrx_word' id='word_1_153' title='bbox 561 1853 572 1881; x_wconf 76' lang='grc'>,</span> <span class='ocrx_word' id='word_1_154' title='bbox 596 1825 708 1873; x_wconf 89' lang='lat' dir='ltr'>verum</span> <span class='ocrx_word' id='word_1_155' title='bbox 731 1803 790 1876; x_wconf 81' lang='lat' dir='ltr'>else</span> <span class='ocrx_word' id='word_1_156' title='bbox 811 1825 886 1874; x_wconf 83' lang='grc'><strong>2022</strong></span> <span class='ocrx_word' id='word_1_157' title='bbox 908 1802 941 1871; x_wconf 81' lang='lat' dir='ltr'>dc</span> <span class='ocrx_word' id='word_1_158' title='bbox 965 1801 1121 1869; x_wconf 84' lang='lat' dir='ltr'>invocan-</span> 
     </span>
     <span class='ocr_line' id='line_1_20' title="bbox 107 1881 1120 1981; baseline 0.007 -25"><span class='ocrx_word' id='word_1_159' title='bbox 107 1893 204 1974; x_wconf 80' lang='lat' dir='ltr'>dum,</span> <span class='ocrx_word' id='word_1_160' title='bbox 227 1892 259 1960; x_wconf 85' lang='lat'>&amp;</span> <span class='ocrx_word' id='word_1_161' title='bbox 283 1889 374 1961; x_wconf 91' lang='lat' dir='ltr'>omni</span> <span class='ocrx_word' id='word_1_162' title='bbox 397 1892 497 1974; x_wconf 89' lang='lat' dir='ltr'>modo</span> <span class='ocrx_word' id='word_1_163' title='bbox 519 1891 687 1959; x_wconf 88' lang='lat' dir='ltr'>colendum</span> <span class='ocrx_word' id='word_1_164' title='bbox 713 1912 722 1961; x_wconf 79' lang='lat' dir='ltr'>t</span> <span class='ocrx_word' id='word_1_165' title='bbox 751 1895 836 1981; x_wconf 89' lang='lat' dir='ltr'>quod</span> <span class='ocrx_word' id='word_1_166' title='bbox 859 1891 888 1961; x_wconf 84' lang='lat' dir='ltr'>ei</span> <span class='ocrx_word' id='word_1_167' title='bbox 913 1911 986 1958; x_wconf 90' lang='lat' dir='ltr'>cum</span> <span class='ocrx_word' id='word_1_168' title='bbox 1006 1881 1120 1971; x_wconf 73' lang='lat' dir='ltr'>gratio</span> 
     </span>
     <span class='ocr_line' id='line_1_21' title="bbox 106 1970 1118 2052; baseline -0.003 -8"><span class='ocrx_word' id='word_1_169' title='bbox 106 1977 252 2050; x_wconf 71' lang='lat' dir='ltr'>doctrina</span> <span class='ocrx_word' id='word_1_170' title='bbox 275 1999 340 2048; x_wconf 92' lang='lat' dir='ltr'>non</span> <span class='ocrx_word' id='word_1_171' title='bbox 362 1977 436 2047; x_wconf 87' lang='lat' dir='ltr'>satis</span> <span class='ocrx_word' id='word_1_172' title='bbox 457 1976 632 2048; x_wconf 86' lang='lat' dir='ltr'>consentire</span> <span class='ocrx_word' id='word_1_173' title='bbox 656 1979 837 2050; x_wconf 85' lang='lat' dir='ltr'>videbatur:</span> <span class='ocrx_word' id='word_1_174' title='bbox 861 1982 962 2047; x_wconf 88' lang='grc'><strong>212220</strong></span> <span class='ocrx_word' id='word_1_175' title='bbox 987 1970 1118 2052; x_wconf 73' lang='lat' dir='ltr'>Eusebio</span> 
     </span>
     <span class='ocr_line' id='line_1_22' title="bbox 110 2058 1118 2162; baseline -0.004 -30"><span class='ocrx_word' id='word_1_176' title='bbox 110 2063 275 2150; x_wconf 78' lang='lat' dir='ltr'>Pamphili</span> <span class='ocrx_word' id='word_1_177' title='bbox 300 2066 496 2151; x_wconf 83' lang='lat' dir='ltr'>paradoxum</span> <span class='ocrx_word' id='word_1_178' title='bbox 520 2065 651 2152; x_wconf 85' lang='lat' dir='ltr'>probate</span> <span class='ocrx_word' id='word_1_179' title='bbox 674 2068 786 2139; x_wconf 88' lang='lat' dir='ltr'>videor</span> <span class='ocrx_word' id='word_1_180' title='bbox 807 2062 984 2155; x_wconf 41' lang='grc'><strong>,1122022212</strong></span> <span class='ocrx_word' id='word_1_181' title='bbox 1006 2106 1018 2145; x_wconf 77' lang='grc'><strong>.</strong></span> <span class='ocrx_word' id='word_1_182' title='bbox 1049 2058 1118 2162; x_wconf 84' lang='lat' dir='ltr'>pri·</span> 
     </span>
     <span class='ocr_line' id='line_1_23' title="bbox 106 2147 1115 2242; baseline -0.002 -23"><span class='ocrx_word' id='word_1_183' title='bbox 106 2172 178 2220; x_wconf 85' lang='lat' dir='ltr'>mos</span> <span class='ocrx_word' id='word_1_184' title='bbox 200 2154 351 2224; x_wconf 79' lang='lat' dir='ltr'>mortales</span> <span class='ocrx_word' id='word_1_185' title='bbox 372 2173 412 2219; x_wconf 85' lang='lat' dir='ltr'>ex</span> <span class='ocrx_word' id='word_1_186' title='bbox 433 2184 557 2239; x_wconf 66' lang='lat' dir='ltr'>portuen</span> <span class='ocrx_word' id='word_1_187' title='bbox 576 2187 702 2242; x_wconf 73' lang='lat' dir='ltr'>rovoreto,</span> <span class='ocrx_word' id='word_1_188' title='bbox 731 2177 772 2224; x_wconf 84' lang='lat' dir='ltr'>ex</span> <span class='ocrx_word' id='word_1_189' title='bbox 794 2158 913 2220; x_wconf 82' lang='lat' dir='ltr'>oarurae</span> <span class='ocrx_word' id='word_1_190' title='bbox 936 2147 1115 2218; x_wconf 77' lang='lat' dir='ltr'>notiombus</span> 
     </span>
     <span class='ocr_line' id='line_1_24' title="bbox 103 2233 1114 2392; baseline 0.004 -85"><span class='ocrx_word' id='word_1_191' title='bbox 103 2238 242 2392; x_wconf 41' lang='lat' dir='ltr'>thimotes</span> <span class='ocrx_word' id='word_1_192' title='bbox 267 2237 575 2328; x_wconf 64' lang='lat' dir='ltr'>quodammode,</span> <span class='ocrx_word' id='word_1_193' title='bbox 597 2263 674 2330; x_wconf 88' lang='lat' dir='ltr'>quas</span> <span class='ocrx_word' id='word_1_194' title='bbox 696 2244 751 2314; x_wconf 92' lang='lat' dir='ltr'>ille</span> <span class='ocrx_word' id='word_1_195' title='bbox 773 2233 1114 2332; x_wconf 57' lang='lat' dir='ltr'>praecipuas&#39;in&#39;Chris</span> 
     </span>
    </p>

    <p class='ocr_par' dir='ltr' id='par_1_5' title="bbox 140 2344 345 2413">
     <span class='ocr_line' id='line_1_25' title="bbox 140 2344 345 2413; baseline 0.015 -21"><span class='ocrx_word' id='word_1_196' title='bbox 140 2347 213 2394; x_wconf 84' lang='grc'><strong>2220</strong></span> <span class='ocrx_word' id='word_1_197' title='bbox 236 2344 345 2413; x_wconf 87' lang='lat' dir='ltr'>putat.</span> 
     </span>
    </p>

    <p class='ocr_par' dir='ltr' id='par_1_6' title="bbox 91 2411 1161 3799">
     <span class='ocr_line' id='line_1_26' title="bbox 154 2411 1115 2512; baseline 0.002 -33"><span class='ocrx_word' id='word_1_198' title='bbox 154 2415 268 2497; x_wconf 88' lang='lat' dir='ltr'>anm</span> <span class='ocrx_word' id='word_1_199' title='bbox 291 2413 373 2483; x_wconf 88' lang='lat' dir='ltr'>nihil</span> <span class='ocrx_word' id='word_1_200' title='bbox 394 2411 433 2483; x_wconf 83' lang='lat' dir='ltr'>fit</span> <span class='ocrx_word' id='word_1_201' title='bbox 456 2467 468 2500; x_wconf 82' lang='grc'><em>,</em></span> <span class='ocrx_word' id='word_1_202' title='bbox 488 2418 574 2504; x_wconf 88' lang='lat' dir='ltr'>quod</span> <span class='ocrx_word' id='word_1_203' title='bbox 608 2437 670 2506; x_wconf 83' lang='lat' dir='ltr'>ego</span> <span class='ocrx_word' id='word_1_204' title='bbox 700 2415 805 2506; x_wconf 70' lang='lat' dir='ltr'>magis</span> <span class='ocrx_word' id='word_1_205' title='bbox 831 2436 942 2489; x_wconf 82' lang='lat' dir='ltr'>cavere</span> <span class='ocrx_word' id='word_1_206' title='bbox 977 2411 1115 2512; x_wconf 75' lang='lat' dir='ltr'>velim,</span> 
     </span>
     <span class='ocr_line' id='line_1_27' title="bbox 106 2500 1114 2596; baseline 0.003 -33"><span class='ocrx_word' id='word_1_207' title='bbox 106 2515 205 2596; x_wconf 82' lang='lat' dir='ltr'>quam</span> <span class='ocrx_word' id='word_1_208' title='bbox 228 2519 271 2596; x_wconf 72' lang='lat' dir='ltr'>ne</span> <span class='ocrx_word' id='word_1_209' title='bbox 278 2500 510 2583; x_wconf 84' lang='lat' dir='ltr'>&#39;opusculorum</span> <span class='ocrx_word' id='word_1_210' title='bbox 533 2526 683 2575; x_wconf 90' lang='lat' dir='ltr'>meorum</span> <span class='ocrx_word' id='word_1_211' title='bbox 707 2507 838 2574; x_wconf 74' lang='grc'><strong>12210222</strong></span> <span class='ocrx_word' id='word_1_212' title='bbox 866 2506 920 2573; x_wconf 84' lang='grc'>221</span> <span class='ocrx_word' id='word_1_213' title='bbox 957 2500 1114 2576; x_wconf 78' lang='grc'><strong>1022222-</strong></span> 
     </span>
     <span class='ocr_line' id='line_1_28' title="bbox 102 2582 1161 2682; baseline 0.005 -30"><span class='ocrx_word' id='word_1_214' title='bbox 102 2604 166 2654; x_wconf 88' lang='lat' dir='ltr'>mts</span> <span class='ocrx_word' id='word_1_215' title='bbox 187 2582 331 2668; x_wconf 82' lang='lat' dir='ltr'>nptctbus</span> <span class='ocrx_word' id='word_1_216' title='bbox 352 2583 549 2682; x_wconf 77' lang='lat' dir='ltr'>offendantur</span> <span class='ocrx_word' id='word_1_217' title='bbox 570 2639 585 2673; x_wconf 82' lang='lat'>‚</span> <span class='ocrx_word' id='word_1_218' title='bbox 613 2591 773 2659; x_wconf 83' lang='lat' dir='ltr'>maximas</span> <span class='ocrx_word' id='word_1_219' title='bbox 796 2612 848 2659; x_wconf 87' lang='lat' dir='ltr'>me</span> <span class='ocrx_word' id='word_1_220' title='bbox 867 2588 896 2658; x_wconf 86' lang='lat' dir='ltr'>ei</span> <span class='ocrx_word' id='word_1_221' title='bbox 918 2587 1036 2676; x_wconf 78' lang='lat' dir='ltr'>gratias</span> <span class='ocrx_word' id='word_1_222' title='bbox 1057 2586 1110 2657; x_wconf 84' lang='lat' dir='ltr'>de·</span> <span class='ocrx_word' id='word_1_223' title='bbox 1150 2596 1161 2609; x_wconf 67' lang='grc'><strong><em>“</em></strong></span> 
     </span>
     <span class='ocr_line' id='line_1_29' title="bbox 100 2667 1111 2826; baseline 0.002 -86"><span class='ocrx_word' id='word_1_224' title='bbox 100 2671 171 2740; x_wconf 85' lang='lat' dir='ltr'>bere</span> <span class='ocrx_word' id='word_1_225' title='bbox 183 2667 348 2826; x_wconf 40' lang='lat' dir='ltr'>¹&amp;enitent</span> <span class='ocrx_word' id='word_1_226' title='bbox 368 2718 379 2739; x_wconf 85' lang='grc'><strong>.</strong></span> <span class='ocrx_word' id='word_1_227' title='bbox 402 2671 486 2755; x_wconf 74' lang='lat' dir='ltr'>Erus</span> <span class='ocrx_word' id='word_1_228' title='bbox 505 2673 604 2758; x_wconf 84' lang='lat' dir='ltr'>igitur</span> <span class='ocrx_word' id='word_1_229' title='bbox 618 2675 775 2757; x_wconf 79' lang='lat' dir='ltr'>iniedlom</span> <span class='ocrx_word' id='word_1_230' title='bbox 798 2675 910 2759; x_wconf 81' lang='lat' dir='ltr'>animo</span> <span class='ocrx_word' id='word_1_231' title='bbox 932 2671 1111 2754; x_wconf 79' lang='lat' dir='ltr'>solicitudi-</span> 
     </span>
     <span class='ocr_line' id='line_1_30' title="bbox 97 2758 1109 2858; baseline 0.003 -30"><span class='ocrx_word' id='word_1_232' title='bbox 97 2779 171 2828; x_wconf 88' lang='lat' dir='ltr'>nem</span> <span class='ocrx_word' id='word_1_233' title='bbox 218 2776 401 2857; x_wconf 79' lang='lat' dir='ltr'>cextmo.</span> <span class='ocrx_word' id='word_1_234' title='bbox 441 2760 565 2858; x_wconf 64' lang='lat' dir='ltr'>§entes</span> <span class='ocrx_word' id='word_1_235' title='bbox 585 2760 619 2831; x_wconf 81' lang='lat' dir='ltr'>dc</span> <span class='ocrx_word' id='word_1_236' title='bbox 643 2763 750 2834; x_wconf 86' lang='lat' dir='ltr'>Deum</span> <span class='ocrx_word' id='word_1_237' title='bbox 771 2758 969 2854; x_wconf 71' lang='lat' dir='ltr'>agnovisse(</span> <span class='ocrx_word' id='word_1_238' title='bbox 990 2778 1109 2833; x_wconf 80' lang='lat' dir='ltr'>nomn</span> 
     </span>
     <span class='ocr_line' id='line_1_31' title="bbox 96 2845 1107 2939; baseline 0.002 -26"><span class='ocrx_word' id='word_1_239' title='bbox 96 2845 263 2932; x_wconf 79' lang='lat' dir='ltr'>postremos</span> <span class='ocrx_word' id='word_1_240' title='bbox 285 2846 488 2915; x_wconf 89' lang='lat' dir='ltr'>commodtns</span> <span class='ocrx_word' id='word_1_241' title='bbox 518 2848 657 2933; x_wconf 81' lang='lat' dir='ltr'>exmdiri</span> <span class='ocrx_word' id='word_1_242' title='bbox 688 2854 789 2939; x_wconf 82' lang='lat' dir='ltr'>placet</span> <span class='ocrx_word' id='word_1_243' title='bbox 810 2853 825 2933; x_wconf 94' lang='lat'>)</span> <span class='ocrx_word' id='word_1_244' title='bbox 854 2850 891 2921; x_wconf 80' lang='grc'>82</span> <span class='ocrx_word' id='word_1_245' title='bbox 911 2849 1021 2921; x_wconf 75' lang='lat' dir='ltr'>omni.</span> <span class='ocrx_word' id='word_1_246' title='bbox 1046 2846 1107 2918; x_wconf 80' lang='lat' dir='ltr'>elle</span> 
     </span>
     <span class='ocr_line' id='line_1_32' title="bbox 95 2935 1106 3042; baseline 0.003 -40"><span class='ocrx_word' id='word_1_247' title='bbox 95 2937 196 3002; x_wconf 91' lang='lat' dir='ltr'>modo</span> <span class='ocrx_word' id='word_1_248' title='bbox 217 2935 403 3035; x_wconf 76' lang='lat' dir='ltr'>colendum,</span> <span class='ocrx_word' id='word_1_249' title='bbox 426 2950 495 3002; x_wconf 85' lang='grc'><strong>2022</strong></span> <span class='ocrx_word' id='word_1_250' title='bbox 518 2935 659 3010; x_wconf 84' lang='lat' dir='ltr'>Ethnica</span> <span class='ocrx_word' id='word_1_251' title='bbox 683 2935 816 3017; x_wconf 79' lang='lat' dir='ltr'>vetustos</span> <span class='ocrx_word' id='word_1_252' title='bbox 837 2940 930 3028; x_wconf 79' lang='lat' dir='ltr'>dotet</span> <span class='ocrx_word' id='word_1_253' title='bbox 954 2987 964 3008; x_wconf 87' lang='lat'><strong>.</strong></span> <span class='ocrx_word' id='word_1_254' title='bbox 1010 2936 1106 3042; x_wconf 78' lang='lat' dir='ltr'>Quin</span> 
     </span>
     <span class='ocr_line' id='line_1_33' title="bbox 96 3020 1106 3118; baseline 0.003 -28"><span class='ocrx_word' id='word_1_255' title='bbox 96 3021 295 3104; x_wconf 73' lang='lat' dir='ltr'>Sacerdotes,</span> <span class='ocrx_word' id='word_1_256' title='bbox 322 3020 445 3118; x_wconf 77' lang='lat' dir='ltr'>l&#39;oetae,</span> <span class='ocrx_word' id='word_1_257' title='bbox 464 3021 683 3111; x_wconf 83' lang='lat' dir='ltr'>Philosophi,</span> <span class='ocrx_word' id='word_1_258' title='bbox 706 3027 785 3098; x_wconf 89' lang='lat' dir='ltr'>ritus</span> <span class='ocrx_word' id='word_1_259' title='bbox 830 3047 933 3114; x_wconf 87' lang='lat' dir='ltr'>unque</span> <span class='ocrx_word' id='word_1_260' title='bbox 954 3032 966 3109; x_wconf 85' lang='lat'>&#39;‚</span> <span class='ocrx_word' id='word_1_261' title='bbox 989 3027 1106 3113; x_wconf 76' lang='lat' dir='ltr'>qutbtn</span> 
     </span>
     <span class='ocr_line' id='line_1_34' title="bbox 99 3049 1106 3201; baseline 0.005 -25"><span class='ocrx_word' id='word_1_262' title='bbox 99 3108 213 3193; x_wconf 87' lang='lat' dir='ltr'>Deus,</span> <span class='ocrx_word' id='word_1_263' title='bbox 236 3124 290 3176; x_wconf 88' lang='grc'>202</span> <span class='ocrx_word' id='word_1_264' title='bbox 315 3107 377 3178; x_wconf 84' lang='lat' dir='ltr'>Det</span> <span class='ocrx_word' id='word_1_265' title='bbox 401 3109 613 3194; x_wconf 80' lang='lat' dir='ltr'>colerentur,</span> <span class='ocrx_word' id='word_1_266' title='bbox 635 3114 797 3201; x_wconf 81' lang='lat' dir='ltr'>conceptis</span> <span class='ocrx_word' id='word_1_267' title='bbox 806 3049 966 3201; x_wconf 48' lang='lat' dir='ltr'>iptmnlis</span> <span class='ocrx_word' id='word_1_268' title='bbox 990 3110 1106 3181; x_wconf 77' lang='lat' dir='ltr'>consti·</span> 
     </span>
     <span class='ocr_line' id='line_1_35' title="bbox 95 3195 1104 3283; baseline 0.004 -20"><span class='ocrx_word' id='word_1_269' title='bbox 95 3210 241 3278; x_wconf 85' lang='lat' dir='ltr'>metunt,</span> <span class='ocrx_word' id='word_1_270' title='bbox 264 3195 521 3282; x_wconf 71' lang='lat' dir='ltr'>senseruntque.</span> <span class='ocrx_word' id='word_1_271' title='bbox 563 3197 604 3273; x_wconf 87' lang='lat' dir='ltr'>Id</span> <span class='ocrx_word' id='word_1_272' title='bbox 628 3215 696 3268; x_wconf 89' lang='lat' dir='ltr'>tota</span> <span class='ocrx_word' id='word_1_273' title='bbox 717 3200 810 3283; x_wconf 71' lang='grc'><strong>210612</strong></span> <span class='ocrx_word' id='word_1_274' title='bbox 831 3202 944 3273; x_wconf 84' lang='lat' dir='ltr'>Graeca</span> <span class='ocrx_word' id='word_1_275' title='bbox 967 3199 1104 3271; x_wconf 76' lang='lat' dir='ltr'>Latino·</span> 
     </span>
     <span class='ocr_line' id='line_1_36' title="bbox 91 3279 1104 3380; baseline 0.007 -31"><span class='ocrx_word' id='word_1_276' title='bbox 91 3303 155 3364; x_wconf 80' lang='grc'>222</span> <span class='ocrx_word' id='word_1_277' title='bbox 177 3279 310 3380; x_wconf 77' lang='lat' dir='ltr'>vetustas</span> <span class='ocrx_word' id='word_1_278' title='bbox 331 3283 466 3353; x_wconf 83' lang='lat' dir='ltr'>clamat.</span> <span class='ocrx_word' id='word_1_279' title='bbox 488 3282 579 3368; x_wconf 87' lang='lat' dir='ltr'>Quid</span> <span class='ocrx_word' id='word_1_280' title='bbox 602 3284 700 3374; x_wconf 77' lang='lat' dir='ltr'>igitur</span> <span class='ocrx_word' id='word_1_281' title='bbox 721 3287 750 3356; x_wconf 87' lang='lat' dir='ltr'>ei</span> <span class='ocrx_word' id='word_1_282' title='bbox 772 3280 941 3359; x_wconf 82' lang='lat' dir='ltr'>sociemus?</span> <span class='ocrx_word' id='word_1_283' title='bbox 965 3305 1040 3357; x_wconf 83' lang='lat' dir='ltr'>num</span> <span class='ocrx_word' id='word_1_284' title='bbox 1063 3302 1104 3356; x_wconf 87' lang='lat' dir='ltr'>ut</span> 
     </span>
     <span class='ocr_line' id='line_1_37' title="bbox 94 3365 1101 3464; baseline 0.012 -29"><span class='ocrx_word' id='word_1_285' title='bbox 94 3365 385 3443; x_wconf 76' lang='lat' dir='ltr'>sanummtettum</span> <span class='ocrx_word' id='word_1_286' title='bbox 409 3367 448 3448; x_wconf 84' lang='lat' dir='ltr'>ht</span> <span class='ocrx_word' id='word_1_287' title='bbox 470 3393 508 3438; x_wconf 87' lang='grc'>22</span> <span class='ocrx_word' id='word_1_288' title='bbox 532 3372 618 3445; x_wconf 83' lang='lat' dir='ltr'>Deus</span> <span class='ocrx_word' id='word_1_289' title='bbox 646 3374 775 3461; x_wconf 86' lang='lat' dir='ltr'>quidem</span> <span class='ocrx_word' id='word_1_290' title='bbox 813 3372 937 3451; x_wconf 80' lang='lat' dir='ltr'>efficere</span> <span class='ocrx_word' id='word_1_291' title='bbox 966 3376 1101 3464; x_wconf 83' lang='lat' dir='ltr'>potest.</span> 
     </span>
     <span class='ocr_line' id='line_1_38' title="bbox 98 3453 1103 3547; baseline 0.016 -26"><span class='ocrx_word' id='word_1_292' title='bbox 98 3453 201 3524; x_wconf 84' lang='lat' dir='ltr'>Porro</span> <span class='ocrx_word' id='word_1_293' title='bbox 222 3455 450 3525; x_wconf 83' lang='lat' dir='ltr'>hunc-cultum</span> <span class='ocrx_word' id='word_1_294' title='bbox 470 3458 591 3544; x_wconf 90' lang='lat' dir='ltr'>duplici</span> <span class='ocrx_word' id='word_1_295' title='bbox 615 3461 787 3547; x_wconf 70' lang='lat' dir='ltr'>presertim</span> <span class='ocrx_word' id='word_1_296' title='bbox 810 3465 844 3536; x_wconf 90' lang='lat' dir='ltr'>in</span> <span class='ocrx_word' id='word_1_297' title='bbox 866 3490 900 3536; x_wconf 90' lang='lat' dir='ltr'>re</span> <span class='ocrx_word' id='word_1_298' title='bbox 974 3464 1103 3537; x_wconf 75' lang='lat' dir='ltr'>suerunt</span> 
     </span>
     <span class='ocr_line' id='line_1_39' title="bbox 95 3544 1104 3655; baseline 0.008 -42"><span class='ocrx_word' id='word_1_299' title='bbox 95 3572 123 3613; x_wconf 80' lang='lat' dir='ltr'>or</span> <span class='ocrx_word' id='word_1_300' title='bbox 142 3572 184 3637; x_wconf 67' lang='lat' dir='ltr'>‘reo</span> <span class='ocrx_word' id='word_1_301' title='bbox 203 3563 366 3631; x_wconf 66' lang='grc' dir='ltr'>ιυχισθαι,</span> <span class='ocrx_word' id='word_1_302' title='bbox 385 3579 494 3645; x_wconf 41' lang='lat' dir='ltr'>nor-w</span> <span class='ocrx_word' id='word_1_303' title='bbox 512 3566 607 3628; x_wconf 70' lang='lat' dir='ltr'>nono,</span> <span class='ocrx_word' id='word_1_304' title='bbox 632 3545 664 3613; x_wconf 71' lang='lat' dir='ltr'>sn</span> <span class='ocrx_word' id='word_1_305' title='bbox 686 3546 825 3633; x_wconf 65' lang='lat' dir='ltr'>precibus</span> <span class='ocrx_word' id='word_1_306' title='bbox 846 3556 889 3627; x_wconf 58' lang='grc' dir='ltr'>(θ’</span> <span class='ocrx_word' id='word_1_307' title='bbox 924 3544 1104 3655; x_wconf 49' lang='lat' dir='ltr'>acrt&#39;fitt&#39;t‘ss</span> 
     </span>
     <span class='ocr_line' id='line_1_40' title="bbox 94 3629 1102 3799; baseline 0.014 -102"><span class='ocrx_word' id='word_1_308' title='bbox 94 3644 129 3706; x_wconf 83' lang='lat' dir='ltr'>ut</span> <span class='ocrx_word' id='word_1_309' title='bbox 150 3629 286 3716; x_wconf 80' lang='lat' dir='ltr'>dtsputtt</span> <span class='ocrx_word' id='word_1_310' title='bbox 312 3633 406 3703; x_wconf 82' lang='lat' dir='ltr'>Plato</span> <span class='ocrx_word' id='word_1_311' title='bbox 429 3654 464 3704; x_wconf 89' lang='lat' dir='ltr'>tn</span> <span class='ocrx_word' id='word_1_312' title='bbox 487 3633 731 3799; x_wconf 45' lang='lat' dir='ltr'>Euryphrtxe.</span> <span class='ocrx_word' id='word_1_313' title='bbox 776 3636 855 3727; x_wconf 73' lang='lat' dir='ltr'>Eius</span> <span class='ocrx_word' id='word_1_314' title='bbox 875 3636 1028 3722; x_wconf 75' lang='lat' dir='ltr'>looeinae</span> <span class='ocrx_word' id='word_1_315' title='bbox 1049 3661 1102 3711; x_wconf 79' lang='lat' dir='ltr'>rn-</span> 
     </span>
    </p>

    <p class='ocr_par' dir='ltr' id='par_1_7' title="bbox 727 3746 1070 3821">
     <span class='ocr_line' id='line_1_41' title="bbox 727 3746 1070 3821; baseline 0.012 -23"><span class='ocrx_word' id='word_1_316' title='bbox 727 3746 748 3821; x_wconf 73' lang='lat'>3</span> <span class='ocrx_word' id='word_1_317' title='bbox 1011 3747 1070 3802; x_wconf 70' lang='lat' dir='ltr'>nn</span> 
     </span>
    </p>
   </div>
   <div class='ocr_carea' id='block_1_4' title="bbox 0 0 1212 4110">
    <p class='ocr_par' dir='ltr' id='par_1_8' title="bbox 0 0 1212 4110">
     <span class='ocr_line' id='line_1_42' title="bbox 0 0 1212 4110; baseline 0 10"><span class='ocrx_word' id='word_1_318' title='bbox 0 0 1212 4110; x_wconf 95' lang='lat' dir='ltr'> </span> 
     </span>
    </p>
   </div>
  </div>
 </body>
</html>
