2414 4110
139 192 181 248 40
291 159 594 233 ELEMENT.
635 158 898 229 METAPH.
966 178 971 192 ‘

104 274 213 355 debet,
245 289 279 341 ut
301 274 416 353 ueritus
436 271 572 357 diuersa,
600 290 634 337 ac
654 272 769 351 graecis
789 272 1020 341 emiaaarilsrioi'
1036 278 1100 345 vita

101 358 192 431 Dei.
214 357 271 421 Sed
293 355 321 420 in
345 378 389 421 eo.
403 355 471 425 vite
491 355 714 421 secuturarum
734 357 867 419 ombium
889 356 1068 425 conueniunt
1088 407 1102 444 ‚

103 439 182 519 quod
203 441 260 502 elle
282 457 341 501 nou
365 435 477 514 possunt
496 432 550 499 aisa
572 433 712 515 raugia,
732 435 801 499 idest
823 432 974 528 albicaret,¹
988 435 1102 520 &aab

103 522 171 583 dem
193 517 377 593 intrinsece,
397 537 430 578 ac
452 535 613 593 perennes,
632 530 666 579 ut
687 512 706 579 li
729 535 771 581 ea
791 515 921 583 aarum
939 517 1102 583 intertum.

106 617 232 678 uantur,
253 605 358 689 vivere·
371 593 512 689 contiuuo
533 597 686 688 desinant.
706 595 881 689 Quocirca,
902 597 1100 685 fiquaesuor,

101 703 166 760 quae
187 682 291 745 vivunt
311 697 380 758 qum
404 679 492 741 ullius
512 678 636 743 allionis
656 696 790 755 pereunte
809 678 946 743 iodicium
969 681 1103 758 prulese.

104 779 192 839 aaut,
212 758 458 844 quemadmodum
481 757 614 836 semina,
635 755 672 821 dt
688 777 745 821 oea
758 802 769 837 ,
784 758 915 825 dubitari
936 766 1102 840 aoupotell

100 844 171 923 quin
194 840 365 905 intrinsecus
385 839 503 907 abbione
526 841 610 907 vitali
631 840 800 922 agitemur,
816 838 911 919 cujus
931 843 1012 909 nulla
1043 840 1101 911 lint

103 921 243 989 l'eosabilia
265 918 401 999 velligia.
640 972 644 979 .
693 974 697 981 .
1018 970 1022 977 .

141 1005 220 1071 ΧΠ.
244 1001 430 1081 appetitu,
452 997 500 1067 seu
521 1000 691 1067 defiderium
714 1001 753 1065 ell
777 1002 1031 1080 propeufioaoimi
1051 1027 1100 1073 er.

100 1105 136 1165 ga
157 1085 267 1147 bonum
291 1084 408 1163 aliquoi
429 1100 620 1161 perceptum,
640 1083 673 1146 lit
694 1100 725 1147 ut
747 1085 885 1159 preclare
906 1085 1100 1171 Chrysorroa

99 1164 176 1239 caria
197 1164 337 1232 aldionem
358 1162 506 1242 imperans
526 1166 596 1240 (a).·
630 1160 790 1229 Auersatio
812 1164 851 1228 ea
871 1186 962 1251 quum
985 1168 1100 1235 abimus

97 1243 206 1327 refugit
226 1265 244 1310 a
265 1246 344 1308 malo
367 1246 464 1327 aliquo
485 1260 642 1322 percepto.
723 1292 729 1299 .
773 1292 778 1307 .
839 1272 842 1279 ·
957 1274 961 1305 ;
1023 1270 1028 1281 ·

138 1326 292 1394 Scholion.
317 1326 374 1392 Vis
393 1347 449 1406 qua
471 1325 653 1404 aprutianus,
673 1341 724 1390 aut
734 1321 920 1405 aversamur,
940 1329 1100 1410 braaaest,

97 1408 187 1487 idest,
207 1427 327 1474 omnem
349 1407 430 1473 ulum
452 1406 596 1483 rationis,
625 1404 658 1471 St
679 1406 899 1473 consultationis
920 1415 1069 1490 praeuertit
1082 1422 1098 1492 3·

99 1488 146 1555 sed
168 1511 228 1556 uota
249 1487 399 1568 praevertit
419 1500 518 1552 tamea
540 1508 659 1552 omrem
681 1488 919 1570 perceptionem
949 1512 1040 1575 uam,
1061 1512 1098 1559 ut

99 1570 196 1647 ignoti
214 1570 295 1635 uulsa
317 1566 444 1661 cupido,
465 1567 508 1633 ita
528 1567 625 1633 uullua
646 1590 683 1635 ex
704 1569 809 1648 ignoto
829 1587 946 1638 metus.
961 1572 1101 1641 Veteres

96 1650 268 1728 Philosophi
289 1663 452 1727 appetitum
473 1649 635 1715 diviserunt
656 1651 782 1728 orimum
796 1651 919 1731 ¹quidem
951 1654 1102 1721 iurabo..

95 1734 216 1812 nalem,
237 1727 440 1796 &animalem
454 1755 470 1811 ,⁰
490 1728 594 1797 deinde
614 1733 771 1821 amimalem
794 1730 825 1796 in
845 1735 1096 1815 concupiscibilem

95 1811 129 1877 bt
150 1812 347 1906 irascibilem.
370 1813 438 1878 Nec
461 1827 577 1879 rantum
598 1812 741 1906 obaudis,
762 1811 808 1904 sed
821 1812 956 1891 subjectis
975 1838 1097 1898 quoque

93 1893 205 1976 primos
225 1893 451 1958 distinxerunt:
483 1912 551 1959 uam
573 1895 744 1974 ratcmalem
776 1912 804 1955 ra
841 1893 1091 1975 superioriauimi

95 1972 909 2137 aaaalbicastellisummulae
931 1976 1100 2126 illia

95 2140 241 2214 debatur,
268 2133 430 2214 facillime,
460 2157 526 2201 eam
549 2156 709 2216 pugnam,
739 2158 803 2218 quae
829 2106 920 2206 iuter,
937 2157 1095 2222 utrumque

96 2220 274 2301 intercedit,
305 2236 422 2299 quaque
442 2215 476 2281 fit
498 2219 591 2300 illud,
620 2220 698 2297 quud
720 2216 832 2287 Medea
854 2221 928 2300 aprrd
949 2222 1095 2288 Ovidium

93 2299 289 2379 pronunciat:
311 2297 488 2367 videohunc
507 2301 668 2386 proboque,
688 2298 828 2367 deteriora
847 2303 968 2386 sequar,
990 2306 1096 2383 cuod.

28 2378 32 2388 ’
96 2402 154 2461 que
176 2380 295 2445 Paullus
315 2376 475 2465 Apostolus
495 2379 524 2443 in
547 2379 667 2459 epillola
687 2381 722 2446 ad
734 2382 887 2451 Romanos
908 2384 1008 2463 paullo
1028 2386 1096 2464 plu.

93 2460 272 2542 riburdicit,
293 2458 378 2527 uldra
399 2459 493 2524 aliam
511 2461 605 2542 legam
625 2459 658 2523 in
678 2465 814 2532 membris
834 2464 908 2532 mais
928 2484 1094 2549 repugnan-

95 2562 154 2609 tem
175 2544 234 2625 legi
252 2542 358 2609 mancia
378 2564 465 2607 mec:
497 2567 551 2606 non
572 2542 649 2625 quad
668 2546 732 2608 volo
750 2546 854 2614 bonum
876 2548 926 2613 bac
946 2573 1022 2630 aga,
1036 2548 1094 2627 secl

90 2624 174 2768 {aad
195 2627 258 2687 nola
277 2624 410 2714 maleam,
431 2622 511 2688 illud
529 2645 643 2704 amtor.
663 2623 1023 2703 Opiaabanturuimirum
1045 2629 1091 2688 in·

107 2705 231 2768 eciorem
255 2703 344 2765 animi
367 2719 477 2775 partem
499 2726 565 2770 cum
587 2704 734 2783 superiore
756 2729 904 2791 pugnare,
924 2708 958 2771 δι
978 2706 1091 2770 utPla-

94 2799 127 2850 ιο
147 2786 297 2857 eleeaatet
316 2781 407 2859 ditit,
428 2802 534 2863 equum
551 2806 622 2849 cum
644 2790 765 2870 equite,
787 2786 977 2870 fingulosque
994 2783 1087 2850 homi.

92 2858 388 2954 nesfibiipsorhalles
399 2861 473 2944 effe,
494 2866 581 2926 lucca
600 2889 697 2930 aueauc
717 2893 807 2945 carcer
825 2890 914 2928 uacua
930 2862 1087 2945 saaruimc,

92 2967 159 3023 que
181 2944 244 3011 sunt
269 2963 330 3020 eruc
352 2941 439 3008 verba
461 2947 491 3008 in
514 2942 541 3008 1.
563 2943 599 3006 de
620 2944 765 3026 Legibus.
799 2944 875 3010 Inde
903 2942 943 3008 est
965 2943 1088 3011 Horatii

90 3026 186 3102 iliad,
215 3024 349 3092 animum
370 3048 434 3106 rege
462 3025 627 3099 (animum
649 3029 809 3107 appetitam
840 3023 918 3089 boae
947 3023 1088 3106 intelligit

90 3107 344 3187 concupiscibilem
375 3102 408 3170 ἃ
428 3104 634 3186 irascibilem,
663 3107 713 3189 qui
746 3102 904 3172 affebuam
938 3105 1016 3172 ledes
1035 3106 1088 3172 ha-

89 3188 178 3256 betur
198 3188 233 3267 ),
254 3189 306 3271 qai
327 3182 383 3266 nifi
402 3206 507 3268 parra,
529 3188 671 3270 imperat.
704 3187 784 3267 Quae
814 3183 970 3264 magnifica
992 3190 1086 3269 magia

90 3272 157 3336 suut
181 3313 191 3346 ,
210 3289 299 3350 quam
320 3268 401 3333 clara
422 3292 433 3348 3
464 3290 532 3335 uam
554 3293 644 3353 quum
666 3267 764 3332 aalma
795 3264 830 3330 sat
852 3265 1025 3349 incorporea
1054 3272 1102 3334 &¹

88 3348 209 3431 simplex
230 3349 405 3431 substantia,
426 3353 569 3418 vocabula
590 3348 717 3434 partium
739 3342 912 3426 inferioris,
941 3347 974 3415 δι
1005 3352 1089 3445 luae.

990 3453 1048 3497 rro·

89 3542 396 3564 *n*
859 3542 1089 3560 *c———n--n

125 3672 174 3751 (a)
193 3669 282 3755 Apud
301 3674 502 3744 Plutarchum
522 3674 559 3740 dr
577 3666 663 3739 scale.
684 3669 916 3740 caumarirtaaib.
