2414 4110
194 206 236 262 10

149 301 250 375 durari
272 293 458 392 posituris?
480 295 483 303 ’
539 295 591 371 uia
613 297 727 389 nempe
748 295 820 370 vim
844 296 890 369 'iti
913 318 971 369 uos
992 319 1031 370 ac
1051 299 1157 375 effica-

149 391 234 469 ciam
258 389 422 476 infinitam
444 386 510 460 don
573 389 663 479 bant,
695 387 785 479 Quid
808 384 971 474 stiguttis?
1017 389 1154 463 Namfl

149 480 326 565 haberent,
349 500 415 549 nou
435 474 673 565 obsisteremus,
697 477 756 555 Sed
769 473 861 551 esto:
883 477 1067 566 ignoremus
1090 481 1155 554 boc

150 566 296 651 wumodn
309 588 325 630 .·
347 563 564 652 ignorabimus
585 564 765 634 etiarn'uos
785 559 944 650 obbstere,
966 566 1157 652 moderari,

149 653 245 735 iibere·
285 677 322 722 ac
343 653 487 722 videntes
509 653 674 738 prudentes
695 649 921 721 obsecundare?
936 688 939 693 ·
957 650 1072 732 Liceat
1094 653 1157 740 igi·

148 756 220 826 tur,
242 707 264 808 si
287 739 338 808 ita·
354 741 404 810 vis
426 745 504 822 (me
517 738 605 810 onim
627 737 1009 826 {cirenensi-ignorare
1031 764 1065 810 nu
1079 762 1155 826 quo·-

147 827 256 912 urbdo‚
276 829 362 915 quod
386 828 538 897 mortales
555 829 750 913 depeream,
771 847 898 914 quoque
913 825 990 914 saepe
1003 845 1157 912 meunt.

146 913 248 985 Mene
271 921 364 984 utba
386 915 553 1004 plusquam
575 915 645 991 usus
665 914 710 999 esi
729 913 935 987 sollici-tent?
980 916 1015 985 O
1037 915 1092 987 hic
1114 914 1154 983 ii·

147 1001 202 1075 sud
226 1002 428 1091 praeciosum,
450 1036 491 1087 pn
509 1007 643 1089 paunus
680 1000 811 1087 Tanta,
835 1000 1009 1107 inquipnt,
1032 1020 1153 1075 naturae

147 1090 251 1158 mules
272 1110 333 1161 uos
352 1112 418 1160 nou
439 1090 573 1179 rapiet?
606 1090 686 1160 Non
700 1108 716 1154 t
738 1087 860 1158 nam-st
883 1090 1005 1175 moles,
1028 1090 1064 1160 in
1086 1090 1156 1160 ani·

146 1183 241 1249 nram
260 1190 325 1245 nun·
348 1193 439 1265 aget,
460 1180 517 1268 qui
540 1178 645 1249 moses-
665 1197 730 1246 non
751 1175 810 1244 esta
846 1175 880 1246 Si
903 1177 986 1245 bona
1008 1196 1155 1255 autma-

146 1260 194 1348 la,
215 1270 278 1350 q'ua
299 1266 363 1334 susa
385 1268 510 1341 ratione
533 1266 567 1335 io
589 1264 715 1334 animos
738 1284 827 1351 agere
851 1263 972 1350 potest,
1002 1265 1154 1350 rationi,

146 1349 297 1439 comum
325 1353 466 1424 elediivae
490 1351 633 1424 facultati
646 1350 823 1434 subditur.
846 1351 903 1420 *Ea
917 1350 967 1420 cst
989 1351 1153 1428 mentium

144 1455 275 1508 natura.
299 1441 372 1511 Aut
393 1441 494 1527 igitur
515 1462 606 1529 stapes
627 1442 741 1512 evades
763 1438 878 1529 necesse
899 1437 944 1507 est
966 1441 1061 1522 (uam
1074 1441 1155 1508 baec

143 1524 188 1594 est
210 1561 293 1612 μοιρα
313 1531 346 1612 ),
367 1545 421 1598 aut
443 1526 579 1599 fimens
600 1526 656 1614 sss,
682 1526 954 1608 satalitcrzs‘uide
976 1546 1074 1614 quam
1097 1545 1154 1596 au·-

144 1615 231 1696 deo)
267 1613 426 1685 liberes:
449 1617 543 1699 nullae
566 1634 598 1687 te
619 1616 720 1684 moles
742 1613 884 1684 efficient
906 1624 1047 1702 unquam
1069 1614 1152 1684 siber

144 1720 184 1799 uc
197 1699 249 1777 sss.
272 1699 309 1771 Θ
322 1703 534 1791 temiserum!
560 1705 655 1774 ahab
669 1701 889 1790 perterrefecit
911 1700 999 1783 scio,
1024 1701 1154 1778 Veteris

144 1789 293 1863 videlicet
311 1807 350 1871 -ut
372 1789 409 1859 fis
432 1791 525 1861 liber.
549 1791 667 1861 Tautae
689 1806 721 1858 te
744 1788 941 1875 intemperie
962 1787 1108 1874 agitant?

154 1882 167 1891 ““
188 1877 255 1945 Sed
269 1896 372 1964 euge:
394 1878 521 1951 animos
542 1877 688 1957 resume,
732 1875 834 1956 Liber
856 1891 892 1943 ut
913 1871 991 1959 stet,
1023 1875 1154 1968 inquis;

144 1984 165 2031 a
187 1960 361 2048 narium,
383 1962 439 2051 qui
462 1963 531 2034 esie'
543 1963 667 2052 possum
689 1982 711 2028 a
732 1959 866 2033 natura?
881 1962 972 2060 ,Sunt
992 1961 1081 2053 enim
1104 1962 1155 2041 ine

143 2067 192 2121 ter
213 2049 243 2120 se
262 2049 456 2137 confatalia,
491 2049 564 2120 bons
576 2048 639 2122 ves
659 2048 737 2116 masi
756 2066 933 2137 perceptu,
968 2047 1155 2145 appetitus,

142 2136 272 2207 tsesiio.
319 2137 399 2209 Non
421 2139 550 2226 potuisti
580 2137 782 2228 paucioribus
804 2136 909 2206 uerbis
932 2140 1034 2222 plnres
1055 2170 1151 2212 arose:

143 2222 419 2310 (recogitandus)
446 2225 598 2316 effutite3
630 2248 705 2295 nam
728 2245 795 2313 quo
814 2246 876 2311 ego
897 2225 963 2300 alio
985 2228 1084 2296 verbo
1105 2227 1155 2295 di·

143 2311 235 2389 cam?
258 2313 376 2381 Adeon
399 2313 458 2381 tibi
481 2335 513 2383 es
537 2314 737 2401 impervius?
763 2312 914 2402 Quinto
937 2313 1039 2397 iliud,
1061 2315 1155 2390 nosce

86 2470 89 2477 ,
143 2397 307 2485 teipsum?
337 2399 481 2486 primum
502 2403 566 2470 hoc
588 2400 649 2471 tibi
672 2402 798 2484 edico,
829 2420 887 2479 uos
910 2401 1012 2487 plures
1034 2400 1154 2471 nostras

144 2485 357 2572 cogitationes
378 2485 465 2576 quasi
500 2489 645 2574 rimati,
687 2487 864 2576 expiscari,
907 2508 1027 2578 proque
1061 2487 1155 2562 tiber.

143 2588 208 2670 tate
237 2589 291 2642 aut
313 2573 460 2661 gignere,
482 2594 538 2647 aut
559 2574 724 2658 adsciscere
746 2625 755 2655 ,
800 2573 912 2646 Studia
931 2575 962 2648 id
986 2594 1018 2644 te
1061 2578 1153 2644 disci·

143 2659 305 2746 plruatum
328 2660 537 2731 satis-docete
566 2663 717 2749 possunt:
756 2681 827 2733 ruer
845 2662 880 2728 -st
915 2678 950 2728 tu
978 2661 1152 2747 aliquando

142 2744 347 2817 comminisci
369 2747 514 2835 aliquid,
536 2766 569 2817 at
593 2771 631 2816 ue
653 2766 760 2817 tecum
783 2747 918 2842 mundos
938 2743 1088 2834 effingere
1102 2747 1152 2818 so-

141 2834 207 2903 les.
224 2831 303 2903 'Nisi
326 2831 348 2900 st
372 2851 463 2921 putas
485 2855 562 2921 quas
623 2854 775 2915 umerus,
796 2852 834 2900 ac
856 2831 968 2918 reliqui
992 2851 1092 2918 poetae
1107 2834 1154 2911 ba

143 2922 238 2992 belias
250 2919 408 3006 cecinere,
430 2921 560 2998 insertas
575 2923 614 2990 ab
630 2921 786 3009 Apolline
798 2919 916 2991 animis
928 2918 1035 2990 fuisse.
1057 2923 1152 2995 Tum

142 3010 253 3092 eadem
276 3025 372 3095 opera
396 3007 489 3077 nubis
510 3007 669 3096 appetitur
692 3008 848 3092 plurimos
869 3024 924 3077 aut
946 3029 1068 3097 creare,
1095 3029 1153 3082 aut

141 3097 328 3166 accendere.
353 3093 443 3166 Nam
467 3116 567 3184 quum
590 3097 749 3166 Chremes
770 3094 897 3171 tumido
907 3096 1054 3184 delitigat
1076 3121 1152 3183 ote,

142 3186 208 3254 d‘on
229 3180 372 3253 tusent'is
393 3204 430 3252 ea
451 3205 526 3267 cum
541 3183 743 3273 conciperet,
763 3183 909 3255 animum
924 3183 1083 3255 Terentio
1104 3187 1154 3255 in

142 3267 310 3338 titibuiffe?
334 3271 385 3340 Ita
405 3278 574 3359 amamusg
591 3274 761 3355 timemus,
785 3270 951 3340 irastimut
970 3273 1050 3361 sepe
1063 3273 1155 3342 nobi·

143 3356 232 3427 sc'titn
254 3356 552 3429 ludentes.'ln·bis
572 3358 724 3429 omnibus
746 3374 826 3426 unns
847 3357 1054 3447 astartisex,
1076 3360 1153 3429 iiber

141 3462 219 3599 tums
238 3442 341 3515 animi
362 3444 553 3519 arbitriumt
575 3468 616 3518 eo
630 3448 705 3529 ‘baec
725 3446 839 3516 omnia
861 3444 1020 3535 facimus,
1049 3445 1154 3518 refici·

142 3551 199 3617 epu
214 3552 290 3618 que.
412 3556 419 3587 ι

175 3612 259 3720 ¹Jam
282 3639 383 3708 quum
405 3591 598 3705 extrinsecus
619 3620 732 3693 animo
751 3619 968 3710 cogitationes
979 3622 1153 3782 advenere,

478 3766 482 3775 -
995 3731 1112 3799 equum
