2414 4110
192 227 231 290 ,ο
353 198 660 270 anement.
700 195 967 277 niernum.

226 322 330 394 Quam
350 308 419 376 licet
438 311 568 395 expellas
579 309 692 390 firma,
714 328 814 377 tumen
833 309 924 390 usque
942 303 1086 400 recurrit.
1109 378 1118 395 θ

191 393 343 475 Quocirca
355 393 423 457 inde
445 393 569 470 petenda
591 391 689 459 ratio.
710 393 737 459 1.
748 392 816 459 Cur
827 389 945 457 habitus
963 376 1079 480 nonnuli
1088 380 1164 479 dtus*

149 492 238 541 turna
260 469 381 540 adinum
402 474 628 555 continuatione
648 475 856 557 acquirantur.
887 471 934 538 11.
955 467 1063 539 Curti
1084 462 1164 537 laee-

150 555 228 635 linr,
247 575 372 636 quorum
393 552 571 622 exercitatio
591 576 660 622 oum
683 557 837 635 uoluptate
856 550 915 619 eii.
956 550 1021 617 111.
1044 546 1114 616 Cur
1135 540 1168 629 liz

148 638 331 718 expeditius,
350 635 401 716 qui
421 633 594 715 phantafia,
612 651 666 702 aut
685 656 809 716 torpore
829 632 940 716 magis,
961 651 1050 728 quam
1070 649 1161 725 men·

149 736 180 782 te
202 719 362 796 rondaot;
383 732 488 781 contra
508 715 538 782 hi
560 717 727 785 difficilius.
756 717 820 784 IV.
841 715 907 782 Cur
927 713 1050 781 haltras
1068 711 1184 777 tntel·'

148 796 340 867 tetrantes&
361 796 533 864 difficillime
543 801 752 880 acquirantur,
774 795 962 864 &facillime
983 794 1161 863 deleantur·

148 881 193 949 V.
216 883 285 950 Cur
306 878 487 946 infantes&
507 882 590 960 pueri
612 879 742 960 aptiores
760 878 818 947 smt
846 877 1028 958 excipiendis
1046 872 1189 943 habiti-⁸

14 958 24 977 '
147 961 221 1044 bus,
242 978 331 1043 quam
353 975 441 1026 aetate
463 962 595 1029 maturi.
627 963 774 1031 Praeterea
806 980 897 1043 quum
931 957 1083 1041 quantitas
1110 951 1161 1035 vi-

146 1045 224 1110 rium
245 1058 359 1109 naturae
380 1042 516 1109 humane
536 1042 621 1110 finita
641 1041 701 1123 s1t;
728 1043 797 1109 inde
826 1043 919 1107 etiam
950 1055 1031 1119 patet
1045 1039 1081 1109 dt
1099 1037 1165 1111 buo

149 1124 230 1190 aliud
251 1123 490 1204 pharemenon,
508 1145 560 1190 cut
581 1142 689 1192 natura
707 1124 804 1190 noilra
824 1141 915 1205 quum
937 1137 1002 1187 tuta
1022 1121 1159 1189 nnumin

145 1205 281 1270 habitum
293 1205 457 1287 incumbit,
478 1208 576 1286 inepta
588 1206 669 1271 brevi
679 1222 814 1284 tempore
832 1202 897 1268 aliis
906 1203 1030 1269 evadit:
1052 1210 1159 1286 quem·

144 1287 305 1353 admodum
327 1283 347 1350 li
368 1287 435 1366 quis
455 1287 516 1352 vim
539 1287 646 1352 habeat
667 1288 833 1352 mutricem‘
846 1303 878 1346 =
906 1307 947 1369 4,
976 1285 1047 1350 dum
1066 1306 1088 1362 4
1107 1285 1157 1348 vi-

147 1367 228 1433 ribus
258 1369 384 1433 dextero
405 1367 529 1433 brachio
548 1367 659 1449 aliquid
680 1384 786 1447 urget,
817 1365 893 1432 nihil
923 1368 1025 1432 conari
1056 1366 1158 1431 altero

91 1498 95 1521 „
146 1451 259 1529 potest.
280 1451 350 1517 Nec
371 1448 518 1514 difficilius
537 1451 594 1514 erit
615 1447 822 1517 aristotelicum
836 1447 910 1514 ill-ud
931 1447 1087 1513 theorema
1106 1446 1157 1512 io·

147 1529 306 1609 teiligere,
333 1530 412 1612 quod
433 1528 565 1608 pluribus
585 1528 635 1595 ille
667 1530 697 1594 in
729 1529 856 1597 lecundo
884 1527 1158 1603 Nicomaeltlorum

145 1614 299 1706 explicat,
327 1613 445 1676 nullum
465 1609 523 1689 effe
546 1607 627 1691 ροβε
645 1611 678 1677 ἱη
700 1612 811 1678 emitum
833 1610 988 1678 habitum.
1054 1608 1112 1675 uod
1135 1606 1158 1673 li

145 1711 210 1782 quis
232 1707 340 1774 roget,
359 1691 410 1785 qui
431 1689 494 1757 haro
513 1687 650 1761 dodlrioa
672 1634 745 1761 ilafe
764 1691 854 1773 pollrt
874 1712 943 1786 oum
965 1690 1035 1772 insu
1047 1715 1098 1770 rs,
1118 1708 1157 1756 ut

102 1845 104 1849 ,
145 1789 253 1852 arunt,
273 1772 498 1854 theologicarum
518 1773 667 1841 uirtutum
687 1773 865 1852 habitibus,
891 1791 943 1854 qut
963 1772 1048 1839 nullu
1068 1790 1157 1837 eter-

148 1854 221 1920 oitio
241 1855 483 1935 contrahuntur,
512 1854 536 1919 is
556 1855 628 1920 sciat
649 1871 787 1921 naturam
809 1874 933 1927 omnem
953 1854 995 1919 ita
1016 1853 1087 1921 Deo
1107 1873 1162 1923 re·¹

30 1992 34 1998 .
147 1957 212 2000 rum
235 1934 362 2013 opifici,
382 1933 417 2000 dt
437 1935 618 2001 moderatori
633 1935 761 2016 inbelle,
781 1950 817 2000 ut
836 1936 984 2014 quodum
1002 1932 1157 2001 inlleddere

145 2014 261 2082 nonuifi
283 2014 435 2096 paullatim
458 2015 491 2081 dt
513 2016 769 2100 lentequeamus,
790 2015 912 2083 luleilie
933 2011 1158 2081 voluntateiia·

58 2144 62 2152 -
147 2101 202 2164 tim
215 2094 341 2192 flediat:
363 2118 410 2162 res
429 2097 510 2164 enim
530 2119 637 2165 omnes
655 2097 786 2181 idiunt,
804 2097 1035 2178 aoillicoiunt,
1052 2095 1160 2179 quod,

146 2178 502 2328 utliiltl'.¹ilreriidliiitlitas
520 2276 573 2328 aut
592 2261 763 2331 mechanica
780 2260 843 2338 eil,
861 2252 1088 2325 autam'mrlr's.
1107 2258 1161 2325 Ir-

147 2341 309 2409 ritabilitas
327 2343 498 2408 mechanica
518 2344 558 2408 eil
578 2364 613 2408 ea
634 2345 700 2423 vis,
718 2361 777 2425 qua
797 2342 928 2423 quaedam
949 2339 1157 2420 eorporisani-⁴

36 2495 37 2499 Ἰ
147 2423 236 2491 malis
256 2440 376 2503 partes,
396 2425 490 2490 veluti
510 2424 618 2503 nervi,
634 2422 668 2490 δι
688 2425 788 2501 librar,
808 2417 1160 2503 membranaeperllridlae

148 2503 394 2584 coardianturao
414 2505 495 2587 quast
514 2502 651 2575 oscillant
672 2506 784 2573 lentius
801 2519 856 2571 aut
885 2503 1037 2587 velotius,
1067 2519 1157 2586 prout

147 2588 244 2651 minus
264 2603 318 2653 aut
339 2588 432 2668 magis
453 2590 645 2655 uehementer
665 2586 920 2670 perstringuntur.
1111 2662 1120 2676 ,

190 2668 344 2734 Scholion.
373 2669 463 2734 Hanc
485 2671 547 2735 vim
566 2669 655 2738 iueile
676 2670 860 2751 ineorporis
880 2667 1018 2734 animalis
1036 2680 1160 2742 neruis,

153 2747 244 2830 iilque
265 2748 399 2827 partibus
416 2750 573 2832 omnibus,
594 2753 632 2817 ad
650 2771 723 2831 quas
741 2751 827 2816 nerui
859 2741 1158 2835 pertinguntplutu-

148 2828 238 2895 lentis
258 2828 372 2893 condiat
392 2828 621 2909 experimentis.
647 2833 708 2897 Sed
727 2833 768 2899 eil
788 2830 821 2896 δι
841 2828 892 2895 lua
911 2847 969 2908 quo
992 2845 1030 2889 ue
1057 2838 1160 2889 trutta-

148 2911 247 3004 bilitas
269 2913 299 3003 in
320 2909 493 2992 quibuldam
513 2913 683 2992 plantarum
699 2912 854 2991 partibus,
870 2848 1086 2984 velutiqdbris,
1107 2902 1154 2970 lo·

148 2991 225 3138 litfq
243 2990 388 3074 aliisque,
407 3007 444 3058 ut
460 2994 637 3078 quandoque
657 2993 779 3076 pulsate
796 3007 849 3058 aut
869 2985 1081 3067 manantur,
1102 3002 1159 3054 aut

147 3093 185 3156 pa
197 3089 319 3146 prtem,

181 3154 308 3240 xvii.
328 3153 574 3225 irritabiir'trrem
592 3157 756 3225 animalem
782 3174 861 3221 voco
880 3171 947 3218 eant
969 3154 1031 3219 vim
1054 3198 1067 3234 ,
1095 3171 1155 3232 qua

147 3236 260 3303 doloris
282 3253 333 3302 aut
356 3239 518 3318 voluptatis
538 3240 675 3320 lenium,
703 3261 740 3305 ex
760 3235 932 3303 mechanica
952 3233 1159 3305 irritabilitate

146 3318 312 3384 animantia
333 3319 492 3399 persentire
513 3321 656 3401 poliunt.
875 3378 881 3389 ,

189 3398 343 3467 Scholion.
363 3401 490 3469 Conliat
510 3405 741 3483 experimentis,
769 3399 882 3467 nullam
904 3399 1104 3469 irritationem
1124 3400 1159 3466 in

149 3479 310 3576 animantis
329 3487 429 3546 neruis
447 3485 550 3564 ginni,
569 3488 640 3567 quin
663 3484 757 3550 lenius
777 3482 882 3566 aliquis
902 3485 1015 3550 doloris
1029 3501 1082 3549 aut
1105 3482 1185 3548 vost

150 3563 273 3642 luptatis
294 3584 414 3656 repente
433 3566 572 3656 exsiliat.
607 3568 784 3648 Utramque
812 3567 904 3648 igitur
925 3564 1161 3634 irritabilitatem

151 3661 295 3739 perpetuo
316 3645 452 3739 muobis
472 3652 554 3730 pungi
576 3647 607 3716 in
627 3646 787 3730 exploratis
807 3649 867 3719 eu.
985 3726 1110 3797 XVIII
