2414 4110
315 216 904 297 'raas'raar1A.·
1028 241 1071 307 49

140 338 220 412 XV.
240 334 370 406 Habitus
391 336 456 411 lunt
476 335 631 404 facilitates
650 337 997 413 erc-natumhumanae,
1017 332 1109 414 longa
1144 392 1158 413 N

98 422 247 508 dileipliaa
269 419 451 498 contradita,
471 420 576 502 quibus
597 418 679 487 adius
699 420 816 502 aliquos
837 418 883 483 leu
904 418 1036 509 internos
1056 435 1108 481 co.-

100 502 277 582 gitationom
298 500 332 563 δι
354 504 541 568 voluntatum
565 544 576 580 ,
604 500 653 566 seu
674 501 767 567 etiam
797 515 938 566 externos
967 499 1109 578 liuguae,

101 604 260 662 manuum,
281 582 342 649 &o
361 582 524 662 expeditius
545 582 633 648 edere
653 584 817 662 postumus.

137 665 287 738 scholion,
311 662 492 740 Huiusmodi
512 659 686 728 facultatum
709 664 764 729 elic
784 679 924 730 naturam
947 659 1108 726 humanam

98 749 286 827 patientem,
314 765 405 810 nemo
426 742 489 822 cst,
517 742 565 822 qui
587 742 672 822 pollrt
693 745 838 823 inficiari,
867 743 921 809 uili
950 741 1110 821 samaiim,

97 830 150 906 qui
172 828 306 899 nondum
326 842 379 889 aut
402 818 468 897 sni,
489 839 541 913 aut
562 822 689 889 aliorum
709 828 799 891 ullam
821 824 925 890 ltabuit
945 823 1108 890 notitiam.

96 908 157 973 Sed
179 907 253 971 illud
275 925 337 969 non
358 921 463 967 omues
482 903 738 986 animadvertunt,
767 905 919 971 homiuem
942 948 953 982 ,
976 919 1110 986 quantus
1139 959 1141 963 ,

96 1007 231 1069 quantus
252 987 312 1060 eli,
333 981 410 1048 mihil
432 982 511 1048 aliud
533 980 590 1046 elin
610 999 801 1076 praeterquam
822 985 979 1052 habituum
999 1003 1111 1064 conge·

98 1070 198 1135 riemt
221 1065 370 1129 hominem
392 1082 491 1132 autem
513 1065 718 1144 quomdam,
748 1086 807 1130 non
827 1066 885 1131 huc
906 1083 1020 1132 tautum
1043 1065 1108 1131 ani-

101 1147 166 1210 mal
187 1146 321 1226 intelligo
340 1166 435 1211 mente
454 1145 585 1224 diuina,
613 1144 648 1210 dc
671 1165 795 1227 corpore
816 1145 989 1228 praeditum,
1018 1168 1109 1230 quem

100 1230 264 1293 naturalem
285 1229 427 1294 homiuem
449 1227 598 1306 appellare
619 1224 729 1307 pollis:
754 1226 799 1292 led
819 1226 1110 1313 bomiucmciuilem‚

62 1310 66 1316 ’
98 1307 181 1385 cujus
201 1306 282 1374 velut
302 1310 380 1375 rudis
401 1311 535 1392 quaedam
559 1311 697 1384 materies
718 1308 809 1373 humo
830 1305 880 1372 ille
900 1306 940 1370 eli
971 1329 1108 1377 natura.

98 1390 202 1472 Atqui
224 1383 328 1469 ego‘id
349 1411 431 1473 pono
453 1389 532 1457 inter
554 1392 721 1456 naturalem
743 1388 851 1470 illum,
881 1385 1014 1478 &burm
1033 1389 1110 1456 civi-

97 1475 158 1538 lem
179 1469 355 1552 discrimen,
386 1473 464 1552 quod
486 1472 566 1537 inter
587 1472 657 1535 rude
680 1472 835 1538 metallum
867 1489 906 1562 aq
923 1469 992 1533 rude
1012 1470 1111 1534 conle-

98 1551 181 1619 d’tam
203 1552 353 1620 statuam.
376 1555 473 1619 Porro
493 1574 510 1616 e
532 1552 661 1617 naturali
683 1551 801 1619 ciuilem
824 1552 978 1616 hominem
999 1547 1053 1615 ioli
1067 1547 1112 1615 cl·

96 1633 203 1697 ficiunt
222 1633 340 1699 habitus
359 1653 452 1712 quum
473 1634 523 1713 qui
545 1633 728 1700 intellebium
750 1632 784 1700 δι
807 1633 1015 1710 voluntatem·‚·
1046 1646 1110 1699 tum

95 1714 263 1798 etiamqui
285 1732 391 1793 corpus
411 1710 562 1795 lpedlaot.
591 1713 657 1791 lam
689 1715 805 1780 habitus
833 1713 1048 1781 continuatione
1077 1737 1112 1780 a·

96 1793 200 1861 &uum
220 1795 334 1876 acquiri
357 1811 442 1862 uetus
460 1796 501 1861 eli
524 1792 761 1875 philosophorum
783 1795 905 1861 effatum
927 1795 961 1861 lit
982 1815 1083 1861 uerum
1096 1820 1109 1859 .·

96 1896 206 1956 nempe
224 1892 259 1942 ut
279 1874 398 1944 tenellae
417 1877 526 1958 planta
544 1876 703 1943 inflexione
724 1877 896 1944 continuata
918 1896 986 1942 eum
1008 1878 1111 1956 acqui·
1187 1878 1193 1892 ‘

97 1955 298 2037 contutum,
328 1979 388 2040 quo
418 1958 519 2038 dirigit
548 1959 733 2040 agricultor,
763 1957 806 2025 ita
839 1960 968 2026 humanu
1002 1977 1137 2048 natura⁸
1170 1996 1185 2006 x

96 2058 190 2119 quum
211 2040 362 2119 quidpiam
384 2038 456 2119 supe
477 2039 587 2119 efficit,
607 2061 645 2104 eo
664 2040 845 2119 inclinatur,
875 2057 908 2105 ut
931 2040 1012 2107 velut
1033 2059 1108 2121 pon·

102 2122 176 2182 clere
196 2121 323 2200 quodam
346 2124 554 2202 pertrahatur,
575 2119 609 2185 δι
629 2120 778 2187 lubentius
800 2141 834 2185 ac
853 2117 969 2185 lacilius
980 2121 1107 2199 repetit.

99 2200 221 2292 Natura
242 2217 323 2267 certe
344 2199 439 2266 nollra
459 2224 549 2282 quum
571 2202 626 2278 elle
647 2201 771 2281 incipit,
800 2201 883 2266 nulla
904 2200 991 2267 inlita
1012 2200 1041 2265 vi
1062 2199 1110 2265 ul·

98 2280 153 2346 libr
174 2279 324 2362 fletlitun,
345 2281 399 2348 uili
420 2283 457 2349 ad
478 2282 508 2349 se
528 2284 779 2361 conservandum,
799 2297 833 2347 ut
853 2279 1106 2363 superinsdidum

96 2360 159 2424 elic
182 2363 387 2444 propeustoues
408 2367 589 2431 commercio
610 2365 712 2442 mnndi
733 2362 881 2448 acquirit.
912 2361 1054 2443 Siquam
1076 2362 1108 2429 in

102 2455 218 2531 partem
239 2446 338 2521 laepiuc
355 2460 409 2509 aut
429 2449 466 2511 ab
486 2444 611 2523 obiedlis
630 2446 777 2524 externis,
799 2456 850 2511 aut
872 2445 909 2508 ab
931 2443 1055 2509 internis
1074 2462 1108 2508 a·

101 2536 177 2583 ntmt
198 2522 425 2601 cogitationibus
444 2526 626 2607 impellitur,
646 2527 677 2591 in
697 2546 763 2591 eam
786 2526 821 2591 iit
843 2523 1012 2605 propenfiot
1034 2549 1049 2605 ‚·
1070 2546 1106 2590 ea

98 2599 256 2694 prqptnfio
275 2602 456 2679 continuatis
483 2606 597 2672 aiiibuc
623 2604 799 2672 confirmata
829 2602 951 2673 habitur
978 2601 1043 2689 cst,
1072 2604 1106 2671 d<

98 2682 246 2764 quiden,
268 2701 301 2750 ut
321 2683 482 2765 inquiunt,
502 2686 596 2751 altera
617 2704 744 2768 natura,

180 2775 264 2833 Tam.
284 2774 345 2833 Ill.

99 2967 125 3002 cu
146 2964 249 3009 itatem,
265 2952 338 3009 nint,
352 2948 411 3012 supe
423 2949 589 3024 sucumquur
619 2953 653 3005 lui
671 2949 906 3014 iniucundum,
922 2950 1003 3005 uthoc
1014 2966 1106 3006 numen

103 3018 260 3062 voluntatem
268 3012 588 3073 morunmooraenrran,
619 3027 733 3066 tucatur.

96 3071 332 3143 tumultumquum
349 3075 582 3126 cll'ttcntctnarst
644 3081 741 3127 Omnes
772 3091 830 3137 crgo
861 3074 940 3128 Graeci
973 3074 1104 3136 Latinique

96 3135 129 3185 ab
145 3134 190 3200 upsr
207 3131 312 3191 humana
329 3147 413 3193 natura
429 3133 582 3205 efficeretur,
613 3138 721 3192 austures
736 3153 764 3188 ca
780 3153 840 3188 noct
855 3140 906 3188 uim
923 3139 946 3185 δι
962 3137 1104 3198 potestatem

96 3192 584 3366 itt‘arilglitu‘gtil'ilt’
614 3197 894 3320 {artificiale
916 3199 1104 3320 'illiti‘

216 3289 224 3301 ·
243 3302 247 3310 ι
381 3289 388 3313 l
573 3299 584 3310 ι
903 3292 912 3318 q
1080 3294 1087 3309 n

95 3317 217 3367 bertatcm
233 3350 242 3374 ,
258 3317 280 3364 lr'
296 3333 364 3367 crum
378 3335 407 3367 ar
423 3318 530 3379 irritum,
545 3320 583 3368 di·
643 3321 691 3379 Sed
714 3323 832 3378 quoniam
853 3336 908 3370 eam
930 3323 1029 3381 quidam
1047 3335 1104 3371 cum
1182 3332 1187 3341 ⁸

96 3390 202 3437 xerunt,
218 3393 260 3446 ac,
278 3391 304 3428 ut
320 3377 499 3449 mibi'quidem
513 3380 583 3431 vida·
614 3382 765 3450 voluntate...
789 3383 828 3432 leu
850 3381 959 3442 appetitu
983 3382 1104 3443 perturba-

97 3448 161 3508 tur,
182 3449 307 3509 cogitate..
338 3442 439 3490 Tacitus
464 3446 527 3491 Anu.
544 3456 584 3494 xa.
616 3453 689 3493 runt:
713 3443 756 3492 alu
772 3453 828 3491 cum
844 3444 956 3506 ratione,
977 3459 1024 3504 qua
1041 3442 1105 3493 arbi.

96 3508 147 3566 rntt
161 3499 191 3547 dn
207 3500 331 3558 claudio,
356 3497 461 3550 liborum
484 3509 506 3551 tr·
522 3501 537 3562 (
554 3508 584 3552 Α.
615 3514 726 3555 ttamur:
743 3501 788 3552 alii
804 3519 860 3556 cum
876 3505 962 3566 causa,
978 3522 1025 3564 qun
1039 3500 1105 3552 cxci·

92 3557 582 3622 stettcopmom‘rarbitriumptrrar'fir.
615 3556 706 3622 taluc,
736 3562 947 3624 auttdjuurtur:
980 3567 1025 3614 alii
1048 3566 1131 3611 cunt‘

96 3618 365 3690 Arbitriumquidcm.
382 3623 437 3683 quia
450 3623 500 3675 lraec
512 3624 583 3676 libcr·
613 3628 692 3687 altera
706 3624 750 3675 illa
765 3626 834 3678 ciuili
850 3629 963 3680 libenttc
978 3659 988 3685 ,
1012 3621 1104 3688 aliique

94 3692 134 3751 tas
144 3683 341 3751 ncmtntconliat
351 3682 404 3736 fine
416 3685 518 3736 tationis
528 3700 584 3734 com
615 3684 697 3734 alias:
714 3683 770 3738 indc
784 3687 878 3740 facium
895 3698 971 3750 puto.
986 3695 1011 3734 ut
1025 3696 1105 3735 ructor

94 3745 149 3793 ulto
167 3757 173 3792 :
197 3738 301 3799 iubatum
319 3760 396 3805 utro,
418 3745 482 3806 quud
506 3747 583 3807 ipsum
619 3762 673 3808 part
688 3746 769 3800 litium
787 3749 815 3802 snt
831 3762 905 3802 nata.
