2414 4110
140 172 197 229 rot
290 145 593 217 ELEMENT.
635 146 900 232 METARH.

16 321 20 329 .
94 258 212 325 surdum
234 257 294 335 esi,
335 279 409 324 uam·
423 257 559 324 eumdem
583 256 734 325 bominem
755 260 787 337 in
810 261 893 327 scena
906 258 1109 338 Mercurium·

94 356 202 423 agere,
223 339 257 407 dt
277 281 409 407 Scitam.
441 339 532 422 Quod
554 334 575 404 sa
595 340 718 421 persona
740 341 883 421 statuatur
914 340 980 409 esse,
993 330 1101 407 indivi-

93 425 183 487 duum
206 420 379 501 rationale,
410 420 772 503 quemadmodumeuteri
803 443 907 497 omnes
934 416 1109 502 philosophi*

92 507 226 598 docent,
247 503 345 591 anima
366 507 435 596 dum
458 502 614 584 vigilamus
634 496 667 568 δι
687 503 851 597 dormimus
873 500 1100 586 sempereadeut

93 607 151 650 erut
173 585 317 665 persona,
347 603 453 666 quippe
474 582 587 664 semper
608 585 687 651 idem
709 584 891 655 individuum
923 586 1072 653 rationale
1090 621 1103 652 ι

93 663 199 734 Nullis
219 661 515 758 igiturjvidentibus
535 664 720 748 argumentis
739 668 874 747 parennis
904 667 997 732 animi
1021 665 1102 748 cugi-

91 748 168 817 tttio
188 763 282 813 everti
306 747 419 826 potest.
528 795 531 831 Ι
653 818 658 825 ,
926 795 929 801 ·

132 827 190 895 Sed
211 829 444 909 rogantquibus
479 828 599 896 tandem
632 829 668 895 de
699 829 817 912 rebus,
842 822 1100 914 ‘quamprimum
1142 892 1145 897 ,

92 931 176 977 mens
196 909 313 990 corpori
337 909 458 989 unitur,
490 912 623 992 cogitat?
659 909 750 987 Unde
770 913 797 977 ei
820 907 891 979 idea
912 914 1098 992 suppetunt?

96 991 136 1058 est
157 992 236 1058 enim
259 990 309 1082 ilia
332 990 360 1055 id
375 989 525 1072 temporis
545 994 622 1059 nuda
643 994 777 1072 quadam
798 993 920 1060 tabula:
943 986 1098 1066 materiem

95 1096 168 1156 ergo
188 1072 404 1152 cogitattonum
447 1095 486 1138 on
509 1075 616 1140 babet.
639 1072 732 1151 Quab
756 1096 846 1154 vero,
867 1075 918 1157 qui
941 1092 1099 1157 perennem

94 1155 309 1235 cogitationem
332 1156 425 1219 menti
470 1177 505 1219 ex
528 1156 591 1234 ejus
610 1169 716 1220 natura
749 1156 827 1235 sequi
858 1157 1103 1234 demonstravit,

69 1311 73 1322 Ι
92 1255 216 1319 cogatur
234 1236 324 1301 etiam
347 1231 444 1316 sciret
457 1236 535 1301 unde
557 1236 600 1299 ilii
622 1235 759 1326 matfries
781 1238 913 1319 suppetat
934 1236 1104 1318 cogitandi,

94 1339 146 1384 aut
168 1319 232 1382 baec
251 1315 421 1399 stignoret,
443 1316 516 1384 iliud
536 1337 653 1400 quoque
663 1316 797 1397 ignoret.
819 1320 957 1395 Siluanus
977 1319 1100 1402 quidem

93 1399 186 1479 Regis
206 1399 254 1478 (a)
276 1419 313 1465 er
334 1401 445 1466 unione
464 1422 530 1477 cum
552 1420 676 1478 corpore
697 1400 793 1465 sittim
818 1400 862 1466 ilii
875 1400 1028 1466 materiem
1049 1420 1107 1463 cm«

93 1481 206 1563 giraudi
230 1482 331 1561 prosto
351 1482 406 1545 esse
427 1482 575 1547 affirmat.
599 1480 667 1546 Nec
688 1479 717 1544 id
740 1479 929 1549 inverisimile
949 1482 1009 1549 est.
1042 1482 1105 1548 Me

92 1585 128 1629 ea
141 1565 288 1645 'ignorare
308 1562 412 1628 lubens
432 1561 549 1629 fateor.
570 1556 765 1642 Scioadesie,
786 1567 836 1644 qui
858 1563 1008 1632 resridiam
1022 1562 1101 1628 banc

93 1640 224 1712 Cartesri
247 1644 397 1708 crambem
420 1643 584 1710 exhibituri
606 1640 685 1722 bnt,
705 1644 817 1726 quique
837 1645 1033 1724 admiraturi,
1052 1665 1108 1731 me

93 1726 202 1793 Lockii
223 1725 295 1791 alias
316 1724 540 1803 praedicatorem
560 1726 734 1808 egregium,
757 1744 790 1792 ut
811 1727 918 1810 ajunt,
938 1748 1017 1794 nunc
1039 1726 1115 1806 vei-⁸

92 1827 126 1876 ut
148 1807 327 1888 palinodiam
350 1808 513 1876 retinere.
551 1807 611 1887 Sed
630 1827 685 1872 nec
705 1827 755 1871 eor
776 1829 895 1888 moror,
926 1809 977 1884 qui
1008 1808 1107 1878 dere

92 1889 197 1968 nulia,
227 1889 279 1954 nist
302 1909 337 1956 eat
360 1891 470 1954 cortice
503 1890 655 1967 judicant,
684 1887 845 1967 quibusque
876 1885 1120 1965 philosophandi-

91 1969 270 2052 principium
292 1968 331 2036 esi
354 1969 524 2066 phantasia,
543 1972 651 2053 quique
671 1968 803 2033 laborem
825 1961 972 2047 resugiunt
996 1966 1109 2060 euim*

93 2051 288 2118 mutabilibus
309 2051 505 2118 ratiocinandi
526 2049 699 2134 principiis,
730 2046 763 2114 &
783 2048 828 2125 bis
851 2071 960 2130 parco,
990 2065 1041 2127 qut
1063 2068 1105 2114 ert

92 2132 174 2214 vulgi
195 2132 280 2216 sarnax
297 2133 416 2212 potius,
435 2154 524 2216 quam
547 2132 752 2212 scriptionibus
772 2124 910 2200 aliorum·
922 2130 1041 2212 ingenia
1058 2152 1104 2221 ,ae-

93 2216 231 2283 iiimant.
252 2217 374 2297 Nempe
389 2214 414 2281 fi
437 2219 501 2298 quis
522 2217 584 2294 esi,
604 2212 656 2296 qui
678 2213 775 2277 minus
794 2208 1034 2294 pbilosophorum
1057 2234 1110 2289 pu·

93 2319 164 2379 gum
196 2299 366 2380 admittat,
397 2317 500 2376 parcus
529 2306 633 2360 eorum
662 2294 794 2357 nominis
822 2293 951 2373 enitor,
982 2293 1109 2359 rationis

93 2383 250 2446 dumtaxat
270 2397 381 2456 tenax,
401 2399 468 2444 eum
486 2399 534 2442 me
556 2377 613 2441 esde
633 2369 742 2452 pluries
762 2373 823 2438 sum
836 2367 1022 2442 testificatus.
1046 2376 1108 2440 Lo-

95 2462 204 2537 tkium·
219 2481 315 2540 vern,
334 2477 367 2525 ut
389 2460 489 2525 virum
507 2455 627 2525 dodium
650 2452 762 2547 baudo,
791 2455 837 2521 sed
860 2472 981 2525 tantum
1006 2457 1109 2537 abest,

96 2559 130 2610 ut
152 2543 304 2625 admirer,
335 2558 482 2608 utoemo
515 2544 613 2630 potius
643 2535 779 2631 irt7‘qui
810 2540 904 2619 magis
937 2539 1110 2630 agnoscat,

95 2625 174 2704 quod
196 2624 289 2690 veteri
311 2623 490 2703 philosopho·
506 2622 641 2699 Phocion
662 2619 736 2693 dtart
757 2618 827 2700 (b),
857 2639 957 2688 totum
986 2642 1048 2696 erus
1069 2618 1108 2682 de

97 2704 258 2771 Intellcdiu
281 2705 412 2767 humano
432 2703 541 2770 librum
562 2698 700 2782 Cuprefflr
719 2699 775 2780 effe
792 2701 1032 2791 pianesrmisem3
1055 2697 1108 2763 Eat

96 2804 203 2854 natura
223 2803 279 2864 ego
299 2783 497 2864 philosophari
519 2803 612 2860 amo,
631 2804 691 2847 non
714 2803 751 2845 et
772 2781 876 2850 libris.
907 2785 958 2851 Ac
986 2796 1105 2846 utinam

97 2866 258 2947 aliquando
290 2883 356 2929 eam
387 2865 446 2930 fine
475 2864 543 2930 velo
575 2862 685 2930 intueri
716 2863 829 2946 liceat,
861 2860 1111 2953 complebique.

96 2951 181 3017 Nam
204 2967 295 3028 quum
319 2965 352 3010 ea
376 2945 436 3027 ipsu
456 2966 508 3026 per
529 2945 557 3010 se
578 2947 609 3010 in
631 2943 733 3008 abdito
753 2949 815 3029 est,
847 2963 910 3013 tum
943 2942 965 3010 ii
987 2944 1108 3009 abdias.

95 3031 199 3096 iimam
231 3028 324 3094 studio
354 3027 406 3093 suo
426 3025 550 3108 fetere,¹
575 3025 628 3105 qui
663 3022 719 3090 suis
752 3043 886 3102 Διιιιασι,
906 3051 952 3089 και
972 3050 1108 3104 promant

95 3131 255 3183 ,conterere
286 3133 296 3193 3
327 3108 528 3192 quiquerum
552 3103 819 3191 suirspbantafiir
837 3190 839 3194 μ
857 3105 946 3184 magis
976 3149 987 3185 ,
1016 3121 1109 3183 quam

98 3215 165 3259 cum
197 3193 317 3259 ratione
346 3193 435 3276 loqui
457 3211 561 3263 amant
593 3234 604 3269 ,
645 3204 678 3253 ut
719 3187 870 3281 eleganter
909 3186 952 3252 ait
997 3184 1112 3251 alicubi

97 3273 298 3352 Augusiinus'.
332 3270 438 3356 Quid,
466 3271 586 3355 inquit,
617 3269 728 3335 necesse
746 3282 811 3335 erat
839 3287 872 3362 ιιι
894 3267 956 3332 baec
986 3270 1110 3333 dumeta

98 3357 212 3437 ingredi
233 3355 438 3436 philosophos,
468 3356 547 3422 unde
568 3351 666 3417 nuilus
688 3350 723 3416 iis
744 3346 780 3416 stt
800 3355 928 3415 exitus?
960 3350 1112 3417 Dixisient
1135 3359 1146 3411 ··,·

1003 3451 1069 3497 cum

100 3535 1114 3573 Μ--α-...ο--υ--α--κ--κ--ῃ-φ--κι

140 3599 188 3675 (3)
212 3597 311 3680 Regis·
324 3598 415 3677 usage
435 3599 471 3662 de
492 3599 523 3660 sa
546 3593 664 3676 trifon,
687 3593 726 3658 <J
747 3589 784 3655 de
804 3592 836 3656 sa
849 3588 919 3670 foi.

138 3682 189 3765 (b)
211 3682 366 3773 Plutarch.
388 3678 420 3773 irr
441 3678 605 3755 Phocione.
630 3718 633 3723 -
655 3742 658 3747 ,
778 3720 783 3727 .
