2414 4110
339 184 517 265 anns
575 178 911 283 assarna
1012 198 1068 262 ης

90 317 180 376 tatur
200 315 327 366 ιιιιιιιιτ
350 298 428 382 quud
447 301 544 364 aurem
564 296 681 365 animal
699 293 761 377 ιβ,
791 294 826 361 id
844 314 922 362 muru
938 283 1038 387 pietur
1059 286 1109 354 in-

96 382 201 447 teriore
221 384 257 449 cl·
270 380 328 462 luo
348 404 357 444 r
401 401 469 445 nam
488 380 544 446 haec
564 378 604 457 ιβ
625 398 734 445 natura
754 375 875 458 propria
896 394 999 441 onim
1018 389 1112 453 etque

92 464 167 530 vis.
186 471 257 544 Ωιι
271 458 302 541 β
322 457 364 541 ιβ
384 483 442 527 una
463 480 496 526 eir
514 459 670 537 omnibus,
690 483 753 545 que
767 458 836 541 sese
856 472 992 531 moueat,
1011 474 1108 547 raeque

96 563 170 614 aare
189 541 227 625 ιβ
247 559 347 620 ιιιιι,
367 544 405 608 ι”ι
427 560 533 609 aterna
553 537 612 622 ιβ.
642 541 724 622 Quae
744 538 896 633 platonica
916 535 1109 629 ratiocinatio

96 624 212 706 mosiis
231 623 303 689 esset
320 640 540 703 geometrarum
561 621 882 698 demonstrationibus,
905 616 925 681 si
948 615 1107 683 auimlhu·

97 706 175 772 mani
196 703 370 786 sempiterni
388 703 505 768 esseut:
526 723 605 770 nuuc
623 704 742 785 quaudo
762 696 1013 768 conslatPlatoai
1033 695 1109 776 ipsi,
1188 746 1189 751 ,

96 804 266 867 procreatus
285 788 342 850 elle
363 784 479 849 animos
500 801 516 845 a
536 783 670 861 supremo
692 786 762 850 Deo
792 786 862 863 (a),
893 793 1106 860 argumentum

98 869 193 952 illud,
214 868 293 949 quod
315 867 504 929 observatum
520 863 643 947 Vossro,
664 864 814 931 lubiestelm
827 864 885 931 ella
909 863 1107 944 Quamquam

94 971 133 1015 ne
155 952 181 1014 is
199 949 260 1027 ipse
277 946 397 1026 quidem
419 945 448 1008 id
468 943 601 1025 probasle
621 945 755 1027 uidetur,
803 950 890 1029 uippe
918 942 970 1026 qui
992 941 1024 1007 in
1046 939 1110 1009 Ti-

95 1051 176 1095 maeo
195 1027 351 1090 uoluntate
371 1025 493 1103 supremi
513 1023 627 1106 opificis
649 1041 761 1090 mentes
779 970 859 1117 ierit
889 1025 1075 1092 immortales
1096 1066 1109 1104 ,

96 1109 149 1177 sed
169 1125 274 1172 natura
294 1107 343 1172 sua
366 1106 522 1187 mortales,
546 1109 577 1170 in
596 1124 686 1188 quam
707 1106 875 1184 opinionem
887 1108 985 1186 plures
1004 1126 1108 1173 erve-

100 1188 214 1254 teribus
232 1186 404 1253 Christianis
433 1185 600 1268 pertraxit,
628 1187 680 1269 qui
707 1187 845 1269 gratia,
872 1208 932 1254 nun
962 1200 1106 1264 natura,

98 1268 351 1355 quumxaugelom
372 1285 435 1334 tum
457 1288 572 1336 mentes
593 1268 778 1335 immortales
798 1268 946 1336 habuere.
977 1270 1104 1336 Interim

96 1372 137 1419 ae
157 1352 216 1417 lraec
235 1350 354 1432 quidem
374 1349 523 1419 dillinsiio
543 1350 630 1430 digna
654 1349 693 1415 est
715 1365 768 1415 aut
791 1366 879 1416 tantu
899 1349 1105 1433 philosopho,

95 1450 151 1499 aut
171 1432 262 1497 tantis
281 1429 493 1500 sesiatoribus.
515 1433 598 1499 Nam
623 1430 772 1513 fiqoidem
794 1431 1107 1499 natura'rerumuiliil

98 1513 159 1595 esi,
183 1534 270 1594 quam
294 1513 355 1580 Dei
365 1510 747 1580 constans&immuiabilis
758 1513 896 1580 voluutas
918 1531 1017 1579 rerum
1028 1530 1110 1605 crea·

96 1595 157 1662 tris
179 1597 212 1661 δι
232 1594 451 1660 conservatrix·
473 1617 537 1678 quae
560 1596 620 1662 Dei
642 1593 799 1662 voluntate
817 1595 884 1661 suot
906 1591 1111 1672 immortalia,

95 1695 205 1742 natura
226 1677 293 1742 suut
314 1674 409 1741 talia:
443 1643 465 1740 ir
487 1695 559 1740 vero
581 1691 688 1743 natura
710 1677 766 1743 smt
786 1677 862 1742 vires
892 1695 990 1743 rerum
1013 1668 1112 1741 irua-

94 1777 186 1839 rum,
206 1776 295 1841 quam
318 1776 457 1823 naturam
478 1776 648 1823 naturarum
668 1757 769 1822 dixere
790 1756 980 1838 Scholasllrl3
1002 1752 1109 1834 partiri

97 1838 205 1905 rerum
229 1835 417 1919 quaestionem
438 1855 581 1919 oportets
604 1857 673 1909 iiam
696 1837 724 1903 ui
747 1838 874 1920 ipsarum
896 1837 1041 1904 mentium
1055 1857 1108 1901 ιιι»

96 1921 170 1987 reue
184 1918 229 1987 eli
249 1918 306 1985 esso
326 1938 376 1986 eas
396 1918 602 2000 immortales,
630 1919 739 2002 quippe
758 1922 844 1987 nulla
874 1940 921 1986 res
942 1920 991 1985 sua
1013 1921 1042 1982 vl
1071 1919 1116 1985 δι·

46 2027 49 2033 ·
94 2018 204 2093 natura
224 2001 318 2094 perire
338 2003 449 2079 potesis
472 2017 502 2068 at
523 2003 740 2095 utrumtperire
760 2002 867 2098 possint
887 1998 1037 2094 pofflone,
1058 1999 1107 2067 seu

96 2076 219 2145 asiiune
238 2083 466 2147 extrinsecarum
486 2102 611 2160 rernm,
632 2083 661 2146 id
682 2099 799 2148 tantum
821 2103 852 2148 iu
873 2085 1031 2165 quasiioue
1050 2080 1107 2146 esse

96 2159 216 2254 potellss¹
235 2164 341 2242 Atque
361 2160 424 2253 liar
445 2161 511 2229 sunt
532 2163 701 2256 Plerecidis
720 2180 916 2245 argumenta,
936 2159 1107 2246 quibusim,

95 2242 310 2309 mortalitatem
333 2261 501 2311 animorum
522 2243 573 2309 sibi
593 2243 734 2324 persuafit
756 2247 864 2314 Plato.
1062 2272 1065 2279 ·
1100 2292 1104 2299 -

144 2345 189 2389 it.
212 2322 340 2391 Veteres
361 2325 481 2407 quidam
504 2324 635 2407 theologi
673 2345 709 2391 eis
730 2325 918 2409 prouidentia
937 2323 1040 2392 diuina
1061 2327 1107 2392 lo.

96 2406 251 2547 eustratium
272 2405 463 2474 desumebarit
484 2423 714 2487 argumentum,
744 2429 799 2474 cur
827 2407 942 2474 animos
971 2407 1029 2499 esse
1050 2408 1105 2471 im-

93 2484 1106 2660 sisis”psssslsiriiiisssllmssisissasisl‘i‘sssllsssss

95 2643 195 2739 melos
213 2661 320 2711 eontra
341 2644 579 2738 prosperitatibus
598 2646 738 2713 omuibus
757 2648 922 2741 cumulari,
942 2647 976 2712 lli
996 2646 1052 2713 esse
1073 2652 1103 2716 iu

93 2727 229 2820 desierim
251 2726 354 2792 Deum
377 2727 652 2821 ueroyuilomelle
673 2723 903 2822 &provideor
927 2727 989 2824 'nis
1010 2732 1103 2797 altera

95 2808 133 2875 sit
154 2824 238 2887 uita,
258 2826 318 2888 qua
338 2824 487 2874 contraria
505 2828 630 2891 omnia,
654 2808 844 2891 bonisbona,
864 2811 950 2877 malis
970 2814 1105 2877 malare-

93 2889 285 2968 tribuaotur‚
315 2887 406 2954 videri
429 2887 544 2969 pollet,
574 2911 618 2958 res
638 2890 782 2960 humanas
810 2912 829 2960 a
858 2892 1102 2972 Deoroegiigt,

93 2973 173 3055 quod
193 2973 249 3038 elle
270 2969 375 3051 nequit
395 2971 462 3052 (b).
804 3000 809 3008 ·

122 3070 184 3120 uz.
207 3054 320 3119 Beaim
340 3048 481 3119 Thomas
501 3052 532 3120 io
554 3068 679 3139 utruque
701 3077 812 3173 opere,
843 3066 965 3124 Summa
995 3072 1103 3135 nempe

93 3132 203 3201 Theolo
224 3133 291 3214 ica,
313 3128 348 3197 &
368 3131 463 3199 altera
483 3134 626 3216 aduersus
644 3146 753 3204 Gentes
772 3155 912 3205 accurate
934 3135 1049 3218 prorsus
1069 3133 1104 3202 lit

91 3159 279 3308 subtilissime
298 3215 337 3279 de
356 3214 601 3310 incorporalitate
628 3216 662 3283 δι
681 3220 915 3286 immortalitate
934 3217 1104 3287 animorum

93 3294 273 3378 disputavit.
307 3295 345 3361 lo
366 3293 517 3375 nouerim
548 3296 605 3364 hos
625 3318 718 3380 opere
750 3302 796 3380 (c)
825 3298 961 3381 plurimis
980 3296 1106 3366 demon·

175 3387 262 3444 Tomo
284 3385 344 3444 HI·
630 3418 639 3429 *
664 3419 666 3423 '
687 3383 720 3448 H
973 3381 1065 3461 stru,
1092 3410 1098 3420 ⁸

96 3485 251 3504 ἠ’-’.1
256 3487 1108 3516 *mu-nunquan·—

135 3533 182 3610 (a)
200 3534 273 3600 Vide
294 3534 456 3604 Timarum.
474 3515 478 3521 ¹
628 3600 631 3606 .
876 3609 879 3616 .

132 3614 181 3709 (b)
202 3613 274 3709 Viris
293 3615 437 3699 chrysosi.
457 3638 530 3689 urar.
550 3642 581 3701 4.
602 3619 639 3685 dr
657 3618 869 3705 prouidentia.

143 3692 190 3774 (r)
212 3695 280 3764 Lis.
301 3718 330 3764 2.
349 3718 417 3782 ιιρ.
438 3721 485 3783 50.
507 3706 545 3767 Φ
570 3720 617 3782 51·

1188 574 1195 725 l
