2414 4110
315 216 540 321 'raus'
582 219 899 297 nutui-ta.¹
1027 240 1070 306 u

139 337 221 411 XV.
240 333 370 406 Habitus
391 334 456 410 lunt
476 330 631 402 facilitates
650 355 695 402 eae
716 335 994 414 naturaltnmanae‚
1014 333 1109 414 luogo
1144 392 1158 411 χ

96 421 246 507 disciplina
268 417 451 496 contratiae,
471 418 576 501 quibus
597 416 679 485 ailus
700 417 819 498 aliquos
839 414 884 479 ico
903 417 1034 485 internos
1053 435 1107 481 co.-

100 502 276 581 gitaticputu
298 499 332 562 St
354 502 541 566 voluntatum
564 543 575 578 ‚
604 498 653 564 seu
674 498 768 564 etiarn
799 510 939 562 externos
965 496 1107 578 lingua,

101 603 260 661 manuum,
281 580 341 647 &c
361 580 524 660 expeditius
545 580 633 645 edere
653 581 818 659 pollonus.

135 663 287 737 Scholion,
311 661 492 738 Huiusmodi
512 658 687 726 facultatum
709 661 765 727 elle
785 674 927 726 naturam
950 654 1107 724 humanam

97 748 286 826 patientem,
314 763 406 808 nemo
427 741 489 822 eli,
517 741 566 821 qui
587 740 671 820 pullu
693 741 840 818 inficiari,
868 738 924 804 nili
953 736 1110 830 socialius,

95 829 148 906 qui
171 827 306 898 nondum
327 841 380 888 aut
403 817 469 897 lul,
490 839 541 885 aut
562 821 689 887 alionum
709 826 800 889 ullam
822 820 926 886 habuit
947 831 1110 887 notitiam.

93 908 156 973 Sed
179 906 254 970 illud
276 924 338 968 uon
360 921 463 967 omues
483 901 738 984 animadvertunt,
767 901 919 969 homiuem
943 945 954 981 ,
978 915 1113 981 quantus

93 1006 232 1069 quantus
253 986 314 1060 eli,
335 980 412 1047 nihil
433 983 511 1048 aliud
533 980 590 1046 elio
610 999 801 1075 preterquam
822 982 980 1050 habituum
1001 998 1114 1077 conge·

95 1070 200 1132 riemi
223 1064 371 1128 homiuem
393 1082 491 1132 autem
513 1083 605 1144 quum
626 1065 718 1141 dico,
748 1085 807 1129 uon
827 1065 884 1130 hoc
904 1081 1021 1130 tantuna
1045 1080 1112 1128 ant-

100 1146 168 1210 mal
189 1145 322 1225 intelligo
340 1165 435 1211 mente
454 1144 584 1223 divina,
613 1142 648 1210 δι
671 1164 795 1226 corpore
816 1145 989 1227 preditum,
1019 1164 1112 1227 quem

99 1228 264 1292 naturalem
285 1227 427 1292 hominem
448 1227 597 1305 appellare
618 1223 729 1305 pollis.-
753 1225 799 1291 led
819 1226 1111 1309 bominemciuilem,

61 1310 64 1315 '
97 1306 181 1384 cujus
201 1305 282 1373 velut
301 1309 380 1374 rudis
402 1310 534 1390 quadam
558 1310 697 1383 materies
717 1307 810 1372 homo
830 1305 880 1372 ille
899 1306 939 1370 ell
970 1327 1108 1375 natura.

96 1389 202 1471 Atqui
224 1382 328 1468 ego'id
349 1410 430 1472 pono
452 1387 531 1455 iuter
553 1390 721 1455 naturalem
742 1388 850 1470 iilum,
881 1385 915 1453 δι
935 1386 1013 1452 huuc
1032 1387 1110 1455 ciui-

96 1474 157 1537 lem
179 1468 354 1551 discrimen,
385 1472 464 1551 quod
485 1471 565 1536 iuter
585 1471 657 1534 rude
679 1471 835 1537 metallum
867 1488 905 1561 aq
923 1467 992 1533 inde
1012 1468 1112 1533 coule-

97 1550 181 1618 &tam
203 1551 353 1619 statuam.
375 1554 473 1618 Ponto
493 1573 510 1615 e
531 1551 660 1616 naturali
682 1550 800 1619 civilem
823 1551 978 1616 hominem
998 1547 1052 1615 ioli
1067 1546 1113 1614 ci·

96 1632 204 1697 ficiunt
223 1632 340 1698 habitus
360 1653 452 1712 quum
473 1633 524 1712 qui
545 1632 727 1699 intelleEium
749 1631 783 1699 dn
806 1633 1014 1709 voiuntatem·‚'
1046 1645 1111 1698 tum

95 1713 193 1777 etiam
213 1714 264 1794 qui
286 1732 392 1793 corpus
411 1709 562 1794 spoliant.
591 1712 658 1790 lam
689 1714 805 1779 habitus
832 1712 1048 1780 continuatione
1076 1736 1112 1779 a·

96 1792 200 1860 iiuum
220 1794 333 1875 acquiri
357 1811 442 1861 uetus
460 1795 501 1860 ell
524 1792 761 1874 philosophorum
783 1793 905 1861 effatum
926 1794 960 1860 lit
981 1814 1082 1860 verum
1096 1819 1109 1857 .·

96 1895 206 1955 nempe
225 1891 258 1940 ut
278 1875 397 1943 tenella
416 1877 525 1958 planta
543 1876 703 1943 inflexione
723 1875 896 1943 continuata
917 1896 985 1941 euru
1007 1877 1110 1956 acqui·

96 1955 297 2037 uomitum,
326 1980 387 2041 quo
416 1958 518 2038 dirigit
547 1959 731 2040 agricultor,
761 1957 805 2024 ita
838 1959 967 2025 humana
1000 1977 1108 2024 natura

95 2057 189 2118 quum
211 2039 361 2118 quidpiam
383 2037 455 2119 supe
476 2039 644 2184 efficith
664 2039 845 2118 inclinatur,
874 2056 907 2104 ut
929 2040 1011 2107 velut
1032 2059 1107 2121 pou·
1129 2039 1136 2048 ”

101 2121 176 2182 dere
196 2120 323 2199 quodam
346 2123 553 2201 pertrahatur,
629 2119 777 2186 lubentius
799 2140 833 2184 ac
853 2117 968 2185 iacilius
980 2121 1106 2200 repetit.

98 2199 221 2265 Natura
242 2217 323 2267 certe
344 2198 438 2265 nostra
458 2223 548 2280 quum
570 2201 626 2277 nile
647 2200 771 2280 incipit,
800 2200 883 2264 uuila
904 2200 991 2267 inlita
1012 2201 1041 2265 vi
1061 2199 1110 2265 ui·

97 2277 153 2346 libi
173 2278 324 2360 fleliitur,
344 2280 398 2347 uili
420 2282 456 2349 ad
478 2281 507 2348 se
527 2283 779 2360 conservandum,
800 2298 833 2346 ut
854 2279 1105 2362 superlusdillum

95 2360 158 2422 eli:
182 2362 386 2442 propensiones
406 2366 588 2430 commercio
610 2363 712 2440 muudi
732 2361 881 2446 acquirit.
912 2361 1054 2442 Siquam
1076 2361 1108 2427 io

101 2454 218 2529 partem
239 2444 338 2519 laepius
355 2459 408 2508 aut
428 2448 465 2510 ab
485 2443 611 2525 objediis
629 2445 778 2522 externis,
800 2459 852 2508 aut
873 2443 910 2506 ab
932 2441 1057 2507 internis
1076 2459 1109 2505 a·

101 2535 179 2582 namt
198 2520 425 2599 cogitationibus
444 2524 626 2605 impellitur,
646 2526 677 2589 iu
698 2545 765 2589 eam
788 2523 823 2588 iit
846 2519 1015 2601 propensior
1036 2546 1051 2601 ;
1071 2543 1107 2586 ea

98 2597 258 2692 prcpeufio
277 2600 456 2693 continuatis
484 2604 597 2670 aiiibus
624 2602 801 2668 confirmata
832 2598 955 2669 habitus
981 2597 1044 2685 est,
1072 2601 1106 2669 ἃ

96 2680 247 2763 quiden,
269 2699 303 2749 ut
322 2681 482 2763 inquiunt,
503 2684 597 2749 altena
618 2700 745 2766 natura,

96 2965 123 3001 cc
145 2962 248 3008 rentem,
264 2951 337 3008 nina,
351 2947 410 3011 supe
422 2948 526 3012 fotum,
541 2965 588 3003 aar
618 2952 651 3004 soi
669 2947 729 3008 iuris
744 2950 789 3004 elic
800 2951 904 3015 debeat,
920 2950 1001 3005 uthoc
1012 2964 1105 3005 nomeu

100 3016 259 3062 volunlatem
268 3011 586 3072 morumprnnlaemn'am,
618 3026 732 3066 tueatur.

94 3069 331 3133 ann,ilinm‚quum
348 3074 581 3125 edetexternarst
642 3081 740 3126 Omnes
770 3091 828 3136 creo
859 3074 938 3128 Graeci
971 3072 1103 3134 Latinique

94 3134 127 3184 ab
143 3133 189 3199 ipsa
206 3130 312 3190 humana
328 3145 412 3191 natura
428 3133 581 3197 efficeretur,
611 3138 720 3192 austures
735 3152 763 3187 aa
779 3140 904 3188 nocerim
921 3138 944 3184 dt
960 3135 1103 3196 potestatem

97 3198 229 3254 impetum,
239 3190 583 3264 inliindummpirlrrnanm,
613 3198 761 3248 rationalem
787 3200 892 3260 agendi,
914 3206 956 3246 aut
972 3197 1077 3250 collandi
1093 3228 1103 3256 n

94 3259 162 3305 iram
174 3254 223 3304 (aa.
243 3257 277 3314 ‚sc
296 3268 388 3312 utores.
405 3271 478 3316 qoam
496 3258 535 3307 illa
553 3257 583 3310 li.
612 3274 664 3320 quta
680 3258 911 3319 insolescerem,
927 3257 1086 3317 intelligunt.

94 3316 216 3366 beatotum
232 3349 241 3373 ,
257 3269 363 3388 lizenum
374 3317 528 3386 arbitrium,
544 3319 581 3367 di·
641 3321 689 3379 Sed
713 3322 830 3378 quoniam
852 3334 906 3369 eam
929 3322 1028 3379 quidam
1047 3333 1103 3368 cum

95 3389 201 3437 xerunt¹
217 3392 259 3445 ac,
277 3389 303 3426 ut
319 3375 496 3448 miht'quidoto
511 3379 581 3430 uidc—
611 3380 764 3441 voluntate,
788 3383 827 3431 seu
850 3379 958 3440 appetitu
983 3380 1103 3448 perturba-

96 3447 161 3496 tur,
182 3448 306 3506 cogitate..
338 3440 438 3489 Tacitus
462 3445 526 3490 Anu.
543 3455 582 3494 xi.
613 3453 688 3494 aaut:
712 3440 755 3491 elii
770 3456 827 3491 cum
843 3443 955 3502 ratione,
976 3454 1024 3500 qua
1041 3439 1105 3504 ”bl

96 3497 330 3557 inltdocuodro,
355 3496 460 3549 libatum
483 3500 582 3561 ca(d⁴
613 3514 624 3555 t
653 3518 725 3552 mur:
742 3501 1104 3561 allicumcnusa‚quacxti·

91 3556 580 3621 statito)mortisarbitrn'umprrmint.
614 3519 706 3620 iiiuc,
735 3575 777 3613 aut
792 3560 947 3622 adjuvatur:
981 3558 1108 3621 aliifum

95 3618 239 3689 Arbitrium
246 3617 363 3680 quidem.
380 3622 437 3683 quia
449 3620 499 3673 lianc
511 3623 582 3675 liber·
612 3620 750 3690 altoreille
765 3624 834 3675 civili
850 3625 963 3676 libertate
979 3648 989 3674 r
1013 3614 1104 3679 ³¹⁰⁰&

93 3692 134 3731 aas
143 3682 340 3733 utmrntoonllat
350 3681 401 3735 stuc
415 3683 518 3734 rationis
527 3698 584 3733 con·
615 3681 698 3730 alias:
714 3679 770 3733 ande
784 3683 877 3736 ioelum
895 3690 955 3745 potr·
1081 3687 1105 3725 ll

93 3743 148 3792 lilio
166 3756 173 3791 ε
197 3736 301 3799 libarunt
318 3759 396 3803 uero,
418 3743 483 3804 quud
506 3744 584 3804 iplutu
619 3754 674 3801 para
689 3738 769 3794 litium
787 3744 815 3797 snt
831 3758 907 3797 nata.
