2414 4110
167 291 322 377 eiusmodi
348 293 415 383 lege
437 294 485 366 illi
514 288 695 380 debemus,
728 297 814 368 suam
840 295 1075 384 providentiam
1100 353 1110 386 ,
1140 306 1185 370 ac

175 381 451 470 beneficentiam,
480 383 688 472 divinamque
709 385 877 457 servatoris
887 385 993 469 ‚nostri
1022 391 1177 477 gratiam,

168 489 300 558 qumque
322 493 394 539 cum
420 473 469 540 liis
492 472 562 538 sunt
587 472 719 555 juncia,
742 473 775 541 iti
798 491 870 551 tuto
891 473 950 543 effe
970 472 1048 553 linat
1069 477 1175 544 abac

165 578 206 627 ne
230 578 362 625 movero
386 604 395 623 .
416 643 421 654 ·
440 562 555 630 Cetera
580 562 843 657 philosophorum
866 560 996 631 arbitria
1019 613 1029 646 ,
1056 580 1124 647 quo
1147 564 1175 632 is

164 665 302 732 eumque
323 646 458 731 accipiar
482 649 599 729 modo,
623 650 704 716 haud
730 670 763 716 iti
785 668 903 735 magno
925 670 1043 735 ponam
1063 647 1172 717 discri-

162 733 271 803 mine.
295 734 354 800 Sed
379 735 433 802 has
457 754 539 803 nunc
561 736 708 821 ambages
732 734 922 804 mittamus:
944 737 1171 804 contrahamus
1196 800 1204 820 ,

161 821 250 901 vela,
274 841 319 895 ac,
333 854 450 909 punina,
471 855 516 897 nai
536 842 638 907 noina,
662 847 679 889 a
701 821 814 910 quibus
837 844 873 890 ue
896 821 917 888 si
943 821 1078 890 velimus
1099 824 1171 910 qui-

158 909 232 974 dem
258 906 389 990 separari
416 911 593 999 possumus,
618 911 858 998 inspeciemus.
904 907 969 978 His
993 910 1058 976 heis
1082 909 1169 979 vivi·

158 1015 248 1061 mus:
273 995 323 1067 his
344 997 448 1068 felices
470 1019 528 1068 aur·
549 1000 654 1071 miseri
678 997 808 1067 sumus.
853 995 1020 1083 Apollinis
1043 1048 1054 1083 ,
1075 1013 1111 1064 ut
1133 1021 1166 1064 a·

159 1080 249 1166 iuni,
275 1081 436 1166 pireamus
459 1088 615 1171 oraculo,
637 1081 720 1171 nosce
742 1078 869 1170 teipsum
893 1132 903 1151 .
951 1081 1040 1154 Nam
1062 1102 1163 1170 quum

154 1188 173 1236 a
196 1188 261 1256 quo
283 1166 395 1258 simus,
418 1196 454 1241 ac
476 1195 541 1262 quo
563 1172 658 1242 simus
680 1172 715 1238 in
738 1172 813 1239 loco
833 1167 966 1255 „latim
988 1167 1010 1236 si
1034 1192 1098 1238 noti
1120 1174 1160 1239 ad

143 1254 407 1346 'euriofitarem‚
437 1283 473 1330 ac
497 1262 607 1331 saltem
627 1263 668 1329 ad
693 1256 769 1327 vitae
792 1257 882 1329 usum
905 1308 917 1341 ,
944 1255 1168 1343 disceptatum*

141 1340 205 1427 ht,
228 1345 305 1431 quid
328 1348 413 1415 nu'nc
433 1345 711 1434 fimustprincipio
734 1344 952 1432 pervideamus
975 1369 984 1410 e
1007 1361 1078 1412 tuni
1099 1341 1158 1430 qul

149 1429 233 1499 beati
256 1450 311 1504 aut
333 1433 438 1503 miseri
463 1439 574 1524 (quod
598 1434 741 1520 adprime
764 1433 798 1502 in
822 1430 889 1499 uita
911 1431 954 1501 est
976 1431 1076 1513 utile)
1096 1429 1156 1498 elle

148 1516 301 1604 possimus
325 1543 336 1610 ;
368 1541 463 1608 quam
489 1522 698 1609 philosophiae
722 1519 844 1606 partem
866 1518 922 1606 qui
944 1533 1045 1586 cetera
1065 1517 1156 1586 docti

145 1603 336 1691 negligunt,
360 1608 442 1676 mihi
458 1609 677 1693 ,somnambuli
703 1609 867 1692 videntur,
890 1622 943 1674 aut
967 1605 1152 1702 Gymnoso-

139 1691 316 1778 phillis,li
342 1718 414 1766 vera
438 1697 634 1782 pradicant,
658 1695 698 1764 iis
720 1695 889 1781 persimiles
911 1745 924 1778 ,
945 1713 999 1777 qui
1025 1690 1151 1778 pensiles

142 1778 204 1847 sese
226 1779 371 1850 aldium
395 1787 595 1866 excruciant,
618 1784 682 1867 eius
706 1782 818 1864 inscii,
839 1775 890 1844 ini
912 1779 1019 1844 doni?
1044 1778 1147 1845 Erunt

140 1862 175 1934 dc
198 1867 252 1936 liic
275 1867 409 1941 lortaffis
432 1908 534 1945 «tonna
556 1863 845 1954 (inintelligibilia)
869 1864 978 1952 plura,
999 1884 1060 1962 aut·
1076 1885 1146 1950 quae

138 1953 286 2026 Arabum
311 1959 416 2028 oleant
439 1962 657 2034 vetusssoleum
681 2008 690 2028 .
714 1957 773 2026 Sed
794 1952 870 2052 quid
892 1949 1148 2053 faciesuphiloso-

136 2043 307 2128 phantium
332 2043 537 2133 impetigini?
564 2049 684 2117 Demus
707 2047 774 2114 hiet
795 2057 919 2127 antiqui
943 2060 1023 2137 ruris
1051 2039 1143 2107 vesti·

136 2129 189 2214 gia
214 2130 410 2218 urbanitati,
433 2156 530 2223 quam
552 2157 663 2204 omnes
688 2133 815 2217 iuvenes
838 2126 994 2226 philosopi
1019 2177 1030 2210 ,
1052 2123 1074 2194 si
1098 2128 1143 2226 sag

135 2213 242 2303 pimus
264 2269 276 2304 ,
298 2242 335 2287 ac
357 2223 479 2307 egregie
503 2221 620 2301 morati
644 2223 750 2292 sumus
772 2268 783 2302 ,
805 2217 970 2303 decrepitae
991 2211 1142 2313 denudum

134 2303 281 2372 debemus
304 2326 320 2368 .·
363 2306 496 2398 sciamus
519 2311 686 2393 meliora,
709 2307 758 2376 sed
782 2325 820 2373 ne
842 2323 882 2372 eo
902 2303 1040 2371 audaciae
1062 2351 1073 2385 ,
1098 2318 1140 2368 'ac

22 2409 24 2413 ’
132 2389 312 2477 impietatis
332 2396 525 2482 evadamus,
549 2413 586 2464 ut
608 2417 700 2467 canas
722 2391 881 2489 majorum
905 2389 1014 2488 barbas
1035 2409 1072 2456 ac
1087 2411 1138 2457 ru·

22 2480 26 2488 ’
128 2477 204 2562 goia
228 2477 333 2566 iugula
356 2479 491 2554 furentes
514 2485 690 2555 vellamus.
712 2477 878 2553 Conficiat
898 2476 1036 2562 semum,
1058 2495 1140 2564 quos

34 2628 37 2635 .
129 2567 281 2634 mortalis
304 2586 415 2638 natura
438 2572 628 2662 progenuit.
671 2569 753 2655 Tu,
774 2564 798 2637 li
819 2587 855 2638 ea
878 2586 965 2636 nares
987 2563 1134 2644 feriant,

127 2651 259 2739 grandes
280 2655 393 2739 gradus
413 2653 544 2730 facito:
579 2682 650 2745 quae
672 2658 707 2726 iii
730 2679 805 2739 rein¹
821 2653 1001 2745 sunt'tuam
1015 2646 1132 2744 .(.sl!¹¹t

126 2737 296 2807 enimvero
318 2741 427 2826 plura,
449 2742 589 2829 opinor)
611 2741 725 2827 legito.
751 2741 784 2808 Si
800 2755 877 2804 vero
900 2736 982 2805 nihil
1000 2735 1058 2830 ribi
1082 2754 1131 2801 in·

121 2826 161 2893 de
184 2827 392 2896 emolumenti
417 2829 602 2924 promittis,
625 2850 671 2901 ne·
686 2823 827 2920 accedito
851 2845 864 2918 ².
883 2820 958 2922 quid
982 2819 1042 2888 t'ibi
1066 2820 1129 2890 huc

117 2911 221 2986 radio
241 2909 306 2980 est?
328 2914 389 2982 ‹sed
411 2914 524 3001 enim,
547 2937 638 3002 tans
659 2930 694 2978 tn
709 2910 741 2978 in
765 2907 814 2976 his
828 2903 999 3006 discipulus
1018 2905 1127 3007 [eila-³

122 2997 213 3067 Nam
238 2999 374 3069 suboluit
395 3002 428 3070 id
452 3002 593 3073 Simium
614 2999 811 3088 quaeritare.
895 2997 947 3063 uid
985 2993 1008 3062 si
1031 2996 1125 3065 nullis

117 3083 280 3174 stipendiis
302 3086 468 3158 militem?
515 3088 604 3160 Nam
628 3089 663 3156 iii
685 3083 742 3170 iis,
764 3104 833 3171 quae
919 3083 1025 3152 Deum
1046 3082 1125 3181 eiul-

116 3192 179 3260 que
200 3171 351 3259 pietatem
375 3176 537 3260 adtinent,
561 3175 624 3246 Dei
647 3173 718 3243 'sum
739 3225 751 3255 ,
773 3191 810 3239 ac
832 3170 1029 3242 orthodoxus
1053 3196 1062 3238 :
1085 3190 1121 3238 iii

114 3259 270 3347 reliquis,
292 3280 362 3347 quae
383 3261 597 3350 philosophici
620 3261 690 3331 sunt
713 3256 861 3342 imperii,
884 3279 940 3330 nec
963 3255 1121 3356 Aristote-
1200 3304 1204 3332 .

114 3347 200 3416 leum
223 3369 275 3418 me
295 3347 355 3416 elle
377 3349 554 3436 profiteor,
577 3369 634 3418 nec
660 3347 862 3416 Platonicum
887 3398 898 3431 ,
921 3367 977 3415 nec
1000 3345 1118 3430 Epicu·

16 3471 18 3476 =
113 3453 223 3526 reum,
246 3455 303 3502 nec
326 3436 490 3505 Stoicum:
520 3457 576 3504 nec
600 3437 749 3506 Grecum
775 3431 952 3518 postremo,
974 3453 1030 3502 nec
1053 3431 1118 3502 La·

112 3518 443 3608 tinum-:pitina
466 3521 686 3596 Cartesianum
710 3573 721 3606 ,
744 3541 800 3588 nec
825 3519 1079 3590 Newtonianum
1103 3570 1115 3602 ,

104 3606 534 3703 riectlllilebtanchiauum,
557 3633 615 3681 nec
637 3606 902 3685 Leibiiitiauum.
932 3604 1034 3762 Cujtus
1057 3602 1115 3729 igi·

150 3712 153 3717 ’
1012 3714 1070 3760 ur.
