2414 4110
200 193 255 246 '20-

156 280 236 375 ssmt
253 285 412 374 gravati,
437 288 493 376 qui
515 287 558 355 &
579 287 648 378 esne
669 287 733 357 evi
751 287 975 380 philofiphiam
1005 290 1067 365 tihi
1092 311 1178 381 ‘pau-

160 367 206 440 cis
228 371 437 462 eleganterque
459 373 650 464 exhibeam,
679 380 722 446 (Ψ
743 401 780 446 ere
796 377 946 466 stercore,
974 399 1010 448 ut
1043 380 1176 469 inquis,

159 481 273 528 aurum
296 459 484 560 colligant,
514 482 549 530 en
573 487 610 531 nc
637 462 731 531 etiam
758 465 1089 554 graverismceipere,
1123 493 1175 536 nec

44 614 47 618 ,
152 545 265 636 positu
290 566 377 635 grate
406 547 507 617 oniuei
535 548 741 634 tessimonium
778 554 950 638 prebeas?
993 557 1174 638 optandum

152 633 229 731 esee
250 635 378 723 potius,
400 630 527 704 nt'viri
549 638 581 704 in
604 657 738 726 ueraque
757 637 925 709 literamra
947 640 1177 733 versatiffimi,

157 745 193 788 en
217 721 270 792 hoe
298 715 576 801 Dillionariorum
601 728 730 813 saeculo,
755 724 986 796 Dillionarium
1010 731 1095 798 nohis
1116 731 1177 817 du·

157 831 227 877 ceree
248 834 350 880 eorum
373 813 543 897 omnium,
583 835 651 901 que
672 813 705 879 iu
729 813 879 883 Arabium
914 840 951 880 ac
973 815 1176 899 Scholastica·

157 921 227 965 eum
249 896 341 965 libris
355 896 469 986 jacent
492 922 574 968 nune
595 914 747 972 contemta
763 923 780 964 .·
816 925 889 968 nam
913 904 958 971 (n
972 901 1052 992 sunt
1074 902 1110 971 in
1133 905 1175 972 iis

156 985 278 1073 egregia
299 986 455 1073 plurima,
478 986 539 1074 (J,
556 981 590 1070 si
611 1011 670 1056 eron
687 987 806 1075 semper
826 989 954 1078 docent,
976 1009 1012 1057 at
1033 1009 1171 1083 acuunt.;

157 1081 202 1141 θ
224 1068 369 1156 hisloriea
391 1072 528 1141 omnium
548 1091 676 1142 matum
695 1071 896 1163 philosophia
918 1101 1033 1164 magna
1054 1076 1096 1162 esi
1117 1083 1172 1146 vel

148 1158 332 1262 'cultiffime
353 1159 538 1230 eruditionis
561 1173 682 1248 pars,
708 1159 770 1244 nist
792 1160 826 1244 fi
855 1162 992 1231 velimus
1019 1167 1094 1234 adeo
1115 1167 1171 1256 ese

154 1247 271 1337 inepte,
293 1268 331 1321 ue
351 1245 454 1332 noslm
477 1247 845 1339 interesse'arhitremur,
868 1273 937 1337 qua
956 1251 1074 1340 vetnsli
1095 1255 1170 1340 Sey·

144 1335 239 1424 tha,
284 1335 431 1404 Chaldei
563 1334 682 1422 yptii,
728 1335 865 1424 Perse,
910 1339 1011 1408 Greci
1052 1341 1168 1434 cogitu-

151 1421 259 1489 veriut
275 1427 325 1515 ,in
353 1390 478 1505 eoenohs
499 1361 712 1576 sahulofisqne
739 1441 879 1490 veterum
914 1425 1166 1514 traditionibus,

153 1509 290 1578 maximo
311 1507 412 1578 animi
434 1509 604 1598 capreisque
640 1510 730 1578 chore
764 1513 952 1598 exquirere,
998 1513 1168 1602 habereque

152 1596 196 1664 iu
209 1614 369 1666 numerato
385 1622 405 1682 ,·
447 1615 567 1682 partem
589 1622 663 1666 vero
685 1597 764 1668 haue
787 1595 984 1686 maximam,
1031 1605 1075 1670 (9³
1096 1626 1166 1678 cum

148 1675 244 1761 ethus
274 1683 385 1769 noslris
410 1683 557 1773 plurimis
593 1684 676 1755 aiiii
699 1709 759 1771 rme
793 1708 989 1775 connexam,
1034 1687 1165 1776 neglige-

145 1784 210 1846 re.
255 1772 352 1871 Quod
372 1792 473 1860 opus,
509 1770 570 1854 nest
602 1793 666 1858 pra
680 1793 763 1839 entes
785 1770 870 1839 dolii
917 1775 1165 1862 aggrediamur,

149 1861 236 1944 'dpud
255 1857 385 1946 posteros
407 1857 516 1944 magis
536 1879 656 1946 quoque
686 1880 786 1925 rerum
816 1857 945 1927 illarum
974 1860 1165 1949 incuriosus,

151 1963 259 2031 utpote
290 1943 324 2015 iu
361 1965 451 2019 tauto
482 1949 632 2013 honarum
668 1945 830 2012 literarum
862 1965 1017 2033 apparatu
1045 1967 1166 2036 natos,

149 2052 218 2104 tam
250 2030 354 2105 tenuis
381 2057 487 2109 earum
516 2054 615 2099 rerum
645 2029 762 2102 notitia
797 2031 840 2118 esi
870 2055 1092 2121 perventura,
1127 2057 1168 2104 sse

150 2116 251 2191 ononis
279 2116 430 2209 funditus
459 2144 495 2187 ea
520 2115 736 2272 philosophice
769 2117 902 2204 hisloeice
933 2143 1010 2206 pars
1042 2123 1166 2193 interei-

148 2208 205 2273 dat
219 2230 235 2272 s
278 2232 352 2275 nam
382 2231 451 2295 que
472 2204 550 2297 sunt
578 2231 598 2272 a
627 2203 815 2291 —eiisioricis
844 2206 1046 2296 philosophia
1077 2208 1165 2285 colle.

149 2293 231 2383 tia,
270 2294 377 2360 nimie
388 2294 467 2380 sune
496 2289 556 2360 illu
582 2289 733 2379 jejuna,
779 2295 824 2361 (9⁶
848 2313 984 2381 pauca.
1032 2294 1164 2366 Urinam

137 2377 335 2450 'Beruardus
369 2381 500 2466 Lomy,
530 2400 625 2467 quam
642 2375 817 2534 susceperas
839 2379 1084 2458 adumhilicum
1106 2385 1163 2454 clu-¹

146 2469 181 2536 sei
205 2486 234 2536 et
257 2462 450 2551 Scholasticis
473 2461 646 2553 Theologia
683 2465 865 2554 ¹islariam?
910 2469 1063 2562 Fortaffis
1091 2470 1162 2572 plu·

145 2577 294 2625 remorum
315 2551 402 2624 votis
417 2550 557 2646 suiset.
588 2554 699 2656 ..O-,ned
709 2608 720 2641 ,
754 2556 838 2656 quod
869 2582 922 2644 ego
946 2559 1048 2658 robore
1115 2571 1162 2658 (ξ’

141 2638 342 2730 sublimitate
364 2643 523 2736 cogitandi
542 2641 716 2730 primipilus
738 2639 808 2710 illes
837 2642 951 2731 schola
969 2610 1162 2740 phrlusophts

54 2786 58 2793 .
142 2729 336 2800 recentiorem
355 2747 432 2816 pene
454 2727 604 2795 neminem
627 2721 877 2879 eneepZuerimi
922 2725 975 2792 sic
996 2750 1080 2797 eurm
1103 2726 1161 2799 ha.

144 2816 215 2906 he,
244 2813 323 2885 mihi
343 2813 448 2884 videri
471 2814 542 2881 illos
574 2810 691 2904 piros,
760 2834 828 2879 rum
864 2835 1010 2897 magnam
1038 2834 1161 2903 partem

137 2900 298 2990 s'enrinas.
321 2901 447 2971 Scilicet
491 2899 724 2969 uemadmedum
754 2917 871 2967 veteres
900 2897 1039 2968 homines
1060 2925 1160 2989 quan·

140 3010 174 3060 to
195 2987 332 3060 moribus
352 2988 397 3056 Θ
425 2925 562 3072 vehibus
584 2984 720 3073 impoliti
741 3004 835 3073 atque
860 2984 1025 3075 hispidosi,
1070 3009 1160 3058 tanto

141 3077 246 3166 magis
266 3074 373 3146 animi
392 3073 580 3162 corporisque
610 3074 713 3143 robore
747 3092 809 3160 pre
842 3071 968 3141 circadis
1003 3072 1070 3158 islis
1097 3079 1157 3148 Pe·

140 3165 258 3252 nelopts
280 3161 401 3251 spoufis
429 3161 617 3253 valebaut;
662 3160 709 3227 ita
738 3178 856 3229 veteres
892 3159 946 3230 illi
983 3158 1158 3252 philosophi

142 3269 260 3337 quanto
293 3247 505 3336 insulsiores,
542 3245 585 3315 &a
619 3245 759 3317 rudiores
785 3245 942 3334 uspelhu„
980 3266 1069 3323 tauro
1090 3247 1155 3332 sne·

140 3362 173 3405 re
195 3333 395 3408 meditatione
416 3389 428 3422 ,
451 3337 494 3406 (7¹
516 3358 590 3403 eura
603 3332 825 3422 profundiores
847 3357 884 3402 ac
907 3333 1072 3409 ratiocinio
1092 3335 1158 3419 pol·

139 3421 306 3496 lentiores.
337 3426 403 3493 Uno
427 3424 520 3493 verho
534 3444 550 3488 .·
573 3447 634 3509 quo
653 3419 720 3504 fine
742 3427 865 3505 manu,
914 3445 1025 3510 tueque
1060 3419 1154 3489 libris

141 3508 184 3579 iri
206 3535 227 3579 a
250 3530 348 3579 mente
369 3510 507 3583 hunrana
527 3505 648 3605 potesl,
685 3510 769 3581 inere
796 3505 929 3601 prosulit
959 3526 1077 3583 ueteres
1107 3508 1158 3579 illi

140 3597 370 3693 Metaphyfici.
820 3654 822 3659 .
1105 3656 1107 3667 .
1131 3657 1141 3693 ,Η

911 3749 914 3755 ,
1009 3685 1108 3773 Nem.
