2414 4110
272 218 477 297 ¹PARS
539 219 852 297 TERTIA·
985 240 1027 305 tt

98 340 178 415 XV.
198 336 327 409 Habitus
348 338 413 413 lunt
433 333 588 405 facilitates
608 358 652 404 eac
673 336 954 411 natoraehumanae‚
974 331 1066 412 longa
1101 390 1116 410 χ

55 424 205 510 cliiciplina
227 419 409 500 contiuua,
429 421 535 504 quibus
555 419 637 488 alius
656 420 773 501 aliquos
793 416 840 482 seu
862 416 994 508 internos
1013 433 1065 479 co.-

57 505 235 585 gitationum
256 501 290 566 lic
312 504 500 569 voluntatum
523 500 611 580 ,len
632 500 724 566 etiam
755 513 895 564 externos
924 498 1067 576 ltnguae,

58 607 219 665 manuum,
239 583 299 650 &o
320 582 483 663 expeditius
503 581 591 647 edere
611 583 775 660 poliumua.

95 667 246 739 Scholion,
270 663 450 741 Huiusmodi
469 660 644 727 facultatum
666 663 723 728 elle
742 677 882 728 naturam
904 657 1066 723 humanam

56 752 244 830 patientem,
272 765 363 810 nemo
384 743 446 837 eil,
474 742 524 822 qui
545 741 630 822 poffit
651 742 797 821 inficiari,
826 741 879 807 nili
908 737 1068 833 initulis,

79 833 108 895 ui
130 830 264 902 nondum
284 843 336 891 aut
360 820 425 899 sn,
447 840 499 886 aut
519 821 647 888 aliorum
666 827 758 890 ullam
780 823 882 889 habuit
903 837 1067 889 notitiam.

55 851 115 977 §ed
137 910 211 974 illud
234 927 294 971 non
316 923 420 970 omnes
439 902 696 986 animadvertunt,
726 902 877 970 hominem
900 946 911 982 ,
935 917 1068 983 quantus

55 1010 189 1073 quantus
210 989 269 1062 eil,
291 983 368 1050 nihil
389 985 469 1051 aliud
491 981 547 1047 elie
567 999 760 1075 pruterquam
781 982 938 1051 habituum
959 1000 1069 1062 conge·

56 1073 155 1136 nlemr
179 1067 328 1131 hominem
350 1085 449 1135 autem
471 1084 563 1145 quum
583 1066 675 1142 dico,
706 1085 766 1129 oon
786 1065 844 1130 hoc
864 1082 980 1131 tantum
1003 1062 1068 1129 aoi-

59 1151 123 1215 mal
145 1149 279 1229 intelligo
298 1168 393 1215 mente
412 1147 542 1224 divina,
571 1144 606 1210 δι
629 1165 753 1226 corpore
774 1144 949 1225 praditnm,
978 1165 1068 1228 qoem

57 1232 223 1297 naturalem
244 1231 387 1296 hominem
407 1229 556 1308 appellate
577 1224 687 1307 pollis:
712 1225 757 1292 led
777 1225 1069 1310 tentamentum,

21 1313 25 1320 ’
56 1310 140 1390 cujus
160 1309 241 1377 velut
260 1312 339 1378 rudis
360 1312 493 1394 quaedam
517 1312 656 1385 materies
676 1309 768 1374 ltomo
788 1305 839 1372 ille
858 1305 899 1369 etl
930 1325 1067 1375 natura.

57 1393 161 1475 Atqui
182 1384 287 1472 ego‘id
308 1413 389 1477 pono
412 1391 490 1457 inter
511 1391 680 1456 naturalem
701 1389 809 1470 illum,
839 1385 973 1478 &nhunc
992 1387 1069 1455 rioi-

57 1477 117 1542 iem
138 1472 314 1555 discrimen,
344 1475 423 1554 quod
445 1473 524 1538 inter
544 1473 616 1536 rude
639 1473 794 1539 metallum
826 1488 864 1562 ις
881 1467 951 1532 mdc
971 1468 1042 1560 conl
1056 1508 1070 1522 -

57 1554 140 1622 ciam
162 1555 312 1624 statuam.
335 1557 432 1620 Porto
452 1575 469 1617 e
490 1554 620 1618 naturali
643 1551 760 1620 ciuilem
782 1551 937 1616 homiuem
958 1545 1012 1613 solt
1026 1545 1071 1613 ei·

56 1636 162 1701 ficiunt
182 1635 298 1701 habitus
318 1655 410 1716 quum
432 1635 482 1714 qui
502 1633 687 1700 intelleilum
709 1633 743 1699 &
765 1633 974 1708 νοΙιιιιιαιειι,Ι
1005 1643 1070 1696 tum

55 1717 151 1782 etiam
172 1717 223 1797 qui
244 1734 350 1796 corpus
369 1711 520 1798 spellam.
550 1713 616 1792 Jam
649 1715 764 1780 habitus
792 1711 1007 1779 continuatione
1036 1734 1071 1777 a·

57 1796 160 1864 &uum
180 1797 293 1878 acquiri
316 1813 401 1863 vetus
420 1797 460 1863 cll
483 1794 720 1876 philosophorum
742 1793 864 1861 effatum
886 1793 920 1859 iic
941 1812 1042 1858 vetum
1055 1817 1069 1855 .·

57 1898 166 1959 nempe
185 1894 219 1944 ut
239 1877 357 1946 tenellae
377 1879 484 1961 plantae
504 1878 663 1945 inflexione
683 1876 856 1944 continuata
877 1895 945 1940 cum
967 1874 1070 1955 acqui·
1146 1874 1152 1889 '

58 1979 131 2026 nunt
153 1958 258 2041 situm,
287 1983 348 2042 quo
377 1960 478 2040 dirigit
508 1960 692 2042 agricultor,
722 1958 766 2025 ita
799 1959 928 2025 humana
961 1974 1097 2045 natura⁸
1130 1992 1141 2000 κ

57 2061 150 2122 quum
172 2043 322 2122 quidpiam
344 2039 416 2122 lupe
437 2041 605 2186 efficitkeo
625 2041 805 2119 inclinatur,
835 2056 868 2105 ut
890 2039 972 2106 velut
993 2057 1068 2120 pon-
1173 2055 1181 2081 ¹

62 2125 136 2186 dete
157 2123 283 2203 quoiam
306 2125 514 2203 pertrahatur,
589 2121 738 2187 lubentius
759 2141 793 2185 ac
813 2117 928 2185 facilius
940 2119 1067 2199 repetit.

59 2203 182 2269 Natura
203 2221 283 2271 cette
304 2201 399 2269 nollra
419 2225 509 2284 quum
531 2203 586 2278 elle
607 2201 731 2280 incipit,
760 2200 842 2265 nulla
863 2199 949 2266 inlita
972 2199 1001 2265 vi
1022 2198 1070 2264 ul·

59 2282 113 2350 lni
134 2282 285 2365 flectitur,
306 2282 359 2351 niss
381 2285 417 2350 acl
439 2283 468 2350 se
488 2285 739 2361 conservandum,
759 2297 793 2347 ut
813 2278 1066 2373 lupetiusdiilum

57 2365 119 2427 elle
143 2366 348 2447 propeniones
368 2368 550 2432 commercio
571 2364 673 2442 mundi
693 2361 841 2447 acquirit.
872 2361 905 2428 St
925 2381 1015 2454 quam
1036 2379 1068 2426 tn

62 2459 178 2534 partem
199 2448 299 2524 iaepioc
315 2461 368 2511 aut
389 2451 426 2513 ab
446 2445 572 2525 objetlis
591 2445 739 2521 externis,
760 2460 812 2509 aut
833 2443 870 2507 ab
892 2443 1017 2506 internis
1035 2458 1069 2504 a·

60 2540 137 2586 ntmt
157 2525 384 2604 cogitationibus
404 2528 586 2607 impellitur,
606 2527 638 2590 in
658 2544 724 2589 eam
747 2522 782 2587 fit
805 2519 975 2601 propensior
996 2545 1011 2600 ;
1031 2541 1067 2586 ea

59 2601 216 2696 propeofio
234 2604 415 2696 continuatis
443 2606 557 2673 ailibot
583 2602 759 2670 confirmata
790 2598 913 2669 habitur
941 2597 1005 2685 esi,
1033 2599 1067 2666 &

58 2685 207 2767 quidem,
228 2702 261 2752 ut
281 2685 441 2766 inquiunt,
461 2686 555 2752 altera
577 2702 705 2767 natura,

140 2776 224 2835 Tum.
245 2774 305 2835 Ill.
649 2767 682 2832 D
903 2774 1037 2850 Quam·

59 2951 210 3019 erffirarem,
226 2954 299 3011 nim,
313 2949 372 3013 supe
384 2949 488 3013 farum,
503 2965 550 3003 aar
580 2951 614 3004 sui
632 2947 692 3007 iuris
706 2949 867 3012 alienabunt,
883 2959 909 3003 ut
917 2947 964 3004 hoc
975 2962 1068 3003 nomeu

64 3019 221 3064 volantatem
230 3014 548 3080 duorumqprcvirlrntr'am,
580 3025 694 3064 tutatur.

57 3072 293 3135 rnn,ilrum‚quum
309 3076 366 3123 ellet
382 3088 481 3125 externa
498 3075 543 3125 tsl
606 3080 702 3126 Omnes
733 3088 791 3134 ereo
823 3071 901 3126 Graeci
934 3071 1066 3133 Latinique

57 3135 152 3202 abipsa
168 3133 273 3193 humana
290 3147 374 3192 natum
390 3133 544 3196 efficeretur,
574 3136 682 3190 entiores
698 3152 726 3186 ca
742 3150 802 3186 uoce
816 3137 868 3186 uim
884 3136 908 3184 it
923 3134 1065 3196 potestatem

61 3201 191 3258 impetun,
201 3193 354 3256 militellum,
362 3196 546 3258 cupiditatem,
576 3196 724 3247 rationalem
750 3197 855 3258 agenni,
877 3205 919 3246 aut
935 3195 1040 3249 celiandi
1056 3226 1066 3256 ,

57 3262 124 3308 a'ram
136 3257 185 3307 (tc.
205 3260 225 3318 ,s
258 3257 350 3313 uictas.
367 3272 441 3365 zucam
458 3257 497 3308 illi
516 3257 546 3309 li.
576 3256 874 3319 quantutumcunque,
891 3257 1049 3317 intelligunt.

57 3319 178 3369 bortatem
194 3352 203 3376 ,
220 3318 241 3365 lr‘
257 3333 325 3368 erun
340 3334 368 3367 ar
384 3319 491 3380 iratum,
507 3318 545 3368 cll·
606 3319 653 3377 Sed
677 3321 793 3377 quoniam
816 3334 870 3370 cam
892 3320 991 3379 quidam
1009 3331 1066 3368 tum
1144 3327 1148 3336 “

58 3391 163 3439 xerunt¹
179 3394 221 3448 ac,
239 3392 265 3428 ut
282 3377 459 3450 mihiquidcm
475 3380 545 3430 vidn—
577 3381 728 3450 uoluntnte',
751 3381 791 3431 seu
813 3378 921 3452 appetitu
945 3379 1066 3449 porturian-

59 3449 123 3500 tur,
144 3451 268 3500 cogitate.
300 3442 400 3491 Tacitus
426 3447 547 3495 Annui-
578 3451 652 3492 tunt:
675 3441 791 3492 alricum
806 3452 918 3502 tattone,
939 3439 1068 3502 quaarln.

59 3499 292 3560 lnitnactmdlo,
318 3498 424 3551 liborum
447 3519 468 3552 er
485 3501 500 3562 (
517 3508 547 3553 Α.
579 3511 589 3553 t
618 3518 689 3553 mur:
706 3496 1067 3563 aliicumcausa‚quaexci·

55 3559 160 3619 frutico)
176 3562 262 3611 marris
279 3558 545 3624 arbitriumparnr'fir.
578 3517 669 3622 taur,
699 3559 910 3622 autadjuuatur:
943 3563 988 3611 alli
1010 3564 1094 3607 curn'
1187 3566 1192 3578 ’

58 3619 327 3693 Arbr'rtrurnquidem,
343 3624 400 3686 qnia
413 3623 462 3676 haec
475 3624 546 3676 liber·
577 3627 655 3674 altera
669 3623 713 3675 illa
728 3625 797 3676 ciuili
813 3625 926 3678 libertate
941 3655 950 3682 ,
974 3617 1067 3685 aliique

56 3685 303 3737 tacnemtnttonllnt
313 3684 364 3738 fine
378 3685 548 3738 rationiscon-
578 3684 660 3734 alies:
677 3682 733 3736 inde
748 3684 840 3738 initum
858 3694 934 3747 poto.
949 3691 974 3731 ut
987 3690 1059 3732 mlii

57 3745 111 3795 slilQ
129 3759 135 3795 :
159 3740 264 3801 lr'lrrum
281 3762 358 3808 utro,
380 3747 445 3809 quon
469 3746 547 3809 ipsum
582 3761 635 3808 part
651 3745 734 3800 litium
750 3746 781 3801 itt
795 3759 873 3800 nata„
