2414 4110
274 172 828 255 iuuentutis,
981 194 1022 264 rs

101 288 149 369 D,
171 286 314 368 iudicium
337 288 377 356 cli
397 283 549 366 perceptio
567 280 975 377 &conscicntiarelatioois,
995 304 1064 367 que

56 373 141 439 iuter
161 372 227 437 duas
242 414 254 450 ,
272 383 325 441 aot
347 366 443 445 plores
462 367 544 431 ideis
565 362 747 442 intercedit,
776 368 961 433 ratiocinium
984 386 1062 437 nero

54 437 259 598 torua&
280 438 1059 608 ‘illitteratasettlelaetante

112 580 121 598 .
264 578 274 605 ,
320 553 329 596 s
789 567 801 603 a

60 556 195 693 zenofilo
215 549 434 693 peicipsnntur,
454 609 499 675 nti
521 622 603 690 patet
624 609 733 699 (A),
751 624 823 699 ergo
843 624 906 698 nec·
919 604 1057 679 indicium

58 693 115 761 esse
133 696 227 761 ullum
249 694 279 759 io
299 692 385 759 nobis
404 690 516 767 potesl,
541 710 600 755 nec
628 689 842 778 ratiocinium,
875 682 931 755 ulfi
960 688 1052 772 ideae,

78 798 122 843 ure
141 775 358 853 conseruntur,
379 769 476 834 eidem
495 767 643 852 tempori,
663 791 724 855 quo
744 767 914 847 iudicium,
935 782 989 835 aot
1008 788 1057 843 ra·

54 796 291 935 aocioinm'iit,
310 846 499 916 coexstilant.
994 920 998 925 ,
1048 874 1052 881 ·

97 938 190 1004 Scins.
211 936 277 1015 (A)
298 934 365 997 Sint
385 931 445 995 duo
465 943 599 1009 tempore
620 930 674 1011 A,
695 933 744 1014 B,
765 930 968 1016 percipiatque
978 948 1062 1001 meus

55 1033 196 1097 ternpore
218 1018 251 1080 A
273 1014 365 1083 solum
384 1006 694 1159 stivellelofummum
709 1055 720 1088 ,
737 1028 869 1091 tempore
891 1012 1062 1107 vernulo

59 1100 127 1164 snm
149 1096 342 1179 qnadratnmr
363 1092 467 1159 cordon
502 1113 519 1161 e
552 1136 563 1172 ,
585 1111 650 1158 eam
673 1113 733 1161 non
754 1092 828 1175 posse
849 1114 1002 1176 percipere
1011 1112 1061 1169 re·

58 1179 204 1255 larionem
223 1174 417 1261 equalitatis,
447 1113 500 1241 ait
523 1171 778 1267 'inaequalitatu-
792 1195 855 1255 quae
883 1178 962 1243 inter
983 1178 1057 1245 duae

43 1258 131 1323 -illas
149 1256 258 1339 sigonae
277 1256 454 1329 intercedit.
487 1256 581 1323 Enim
602 1277 673 1321 vcro
694 1256 869 1333 relationem
889 1257 971 1321 issam
995 1278 1058 1329 non

60 1338 141 1411 ridet
161 1356 294 1420 tempore
315 1340 368 1419 A,
387 1337 496 1420 quippe
519 1338 548 1402 io
558 1358 619 1420 quo
638 1337 699 1402 sola
709 1335 975 1429 parallelogrammi
992 1338 1062 1405 iesca

56 1420 152 1505 ruenti
174 1420 369 1500 obversatur,
390 1440 451 1491 non
470 1418 562 1486 etiam
604 1418 718 1489 nadratt
741 1416 935 1497 (exhnpotl.
948 1418 980 1494 l:
1002 1441 1058 1497 nee

55 1503 249 1584 tempoch,
270 1500 301 1566 in
321 1492 464 1582 quo'non
484 1497 512 1592 ei
533 1441 655 1581 prae‘lens
674 1501 713 1564 eil
737 1498 1059 1579 parallelogrammum,

55 1582 104 1657 sed
125 1582 217 1648 solum
238 1583 440 1665 quadratum.-
472 1599 569 1646 rntous
589 1582 678 1655 ctiam
700 1595 834 1661 tempore
854 1576 909 1662 C,
942 1578 1059 1665 inquo

53 1681 196 1735 neutrum
217 1663 231 1741 (
253 1683 290 1726 ex
312 1663 379 1741 hyp,
400 1664 414 1737 )
435 1660 536 1741 videt.
576 1660 764 1741 Perspicuum
786 1681 858 1741 ergo
877 1662 939 1743 cll,
957 1662 989 1727 in
1008 1659 1059 1739 jo·

54 1743 137 1810 aliciic
160 1744 193 1807 δι
214 1740 378 1808 ratiociniis
399 1740 478 1809 ideas
486 1760 609 1831 omues,
628 1764 692 1823 quar
702 1758 934 1822 comparantur,
952 1738 1054 1824 liqui·

53 1826 120 1903 dem
141 1839 374 1903 comparantur,
393 1823 553 1903 necessario
572 1820 739 1889 coexistere
759 1824 885 1893 debete:
908 1841 943 1889 ac
964 1824 1056 1895 lioon

54 1907 247 1985 coexistunt,
269 1926 306 1970 ne
327 1901 454 1971 couirrri
475 1905 556 1975 inter
574 1903 632 1970 sese
651 1904 770 1987 quidem
792 1898 893 1985 posse.
1050 1940 1054 1953 ·

92 1989 204 2062 Coreli,
236 1986 279 2053 Et
303 1985 428 2077 ¹quidem
450 1982 618 2064 coexfillere
637 1986 745 2053 debent
765 1984 822 2052 toti
844 1982 890 2053 illl
910 1984 1055 2067 temporis

56 2066 171 2150 spatio,
189 2064 464 2146 inquorndlcium,
485 2083 535 2131 aut
545 2065 732 2141 ratiocinium
744 2067 874 2135 vividum
896 2068 1057 2146 perdurat,

99 2148 189 2229 Prop,
210 2142 275 2211 ΙΙΙ.
296 2146 328 2211 Sl
349 2148 551 2225 perceptiones
572 2140 638 2212 sunt
647 2148 793 2212 motiones
804 2146 942 2227 cerebri,
963 2167 1067 2231 opor,¹¹

56 2244 155 2296 tetur
176 2244 222 2295 tot
242 2226 300 2291 ssot
320 2225 350 2293 io
371 2228 494 2293 cerebro
514 2226 656 2301 distincte
678 2246 712 2293 ac
740 2226 859 2301 dirersae
888 2226 1052 2300 motiones:

56 2326 130 2393 quot
150 2308 269 2375 dincrsae
289 2304 323 2387 lic
343 2304 577 2383 ‹sisimile-idem
597 2306 682 2377 nobie
701 2306 912 2382 obversantur,

99 2392 142 2456 D.
161 2392 283 2478 Nempe
304 2390 334 2455 in
354 2409 390 2455 ea
409 2389 565 2470 hypothes
584 2387 664 2464 ratio
692 2388 834 2459 sufficiens
864 2387 1054 2469 representa..

58 2468 150 2536 tionis
170 2469 323 2545 cornelibet
343 2469 435 2548 ideae,
455 2488 507 2539 aut
526 2471 758 2551 phantasmatis,
778 2468 819 2536 est
886 2470 918 2533 in
938 2468 1057 2537 nilione

63 2547 255 2628 objectorum
275 2563 464 2625 externorum
486 2550 666 2626 introrsum,
685 2548 718 2613 δι
739 2551 832 2615 inrea
865 2548 936 2611 ione
945 2547 1058 2615 cerebri

59 2628 227 2707 extrorsum
249 2632 263 2710 (
283 2648 338 2707 pro
392 2649 419 2701 r.
438 2630 476 2707 >r
498 2646 625 2708 utroque
644 2642 744 2694 autem
764 2642 886 2699 extem
905 2624 1060 2711 alliodo

60 2710 175 2786 reailio
198 2710 318 2777 interne
338 2646 404 2775 funt
423 2708 505 2775 ceria
517 2706 709 2801 fiagusnrr'c,
729 2720 862 2789 utpotet
882 2734 892 2797 3
917 2706 1059 2799 sagula,

55 2792 134 2871 rium
156 2812 227 2858 vero
247 2811 284 2867 ee
302 2806 409 2857 natura
430 2789 493 2874 eil,
515 2806 547 2856 nt
568 2789 795 2861 unumalterum
817 2811 875 2859 non
888 2792 1055 2878 contineam

58 2894 131 2955 ergo
150 2893 208 2949 una
231 2874 351 2965 integro
372 2871 470 2965 motio
490 2870 640 2941 recisione
660 2866 693 2964 ᾇ
713 2870 830 2941 alliena
851 2874 1055 2941 conslensnno

57 2956 172 3038 potest,
191 2954 244 3022 nili
266 2972 352 3028 unius
372 2954 443 3023 rcleae
464 2951 769 3035 fiognsaricratroncm
781 2954 1055 3035 sufficientcmcoa-

56 3034 178 3120 tinere3
212 3034 272 3115 jam
305 3032 421 3113 fingulae
441 3034 512 3100 irleae
532 3032 640 3115 singule
667 3029 784 3113 obieslo
814 3032 1065 3121 representatur,

55 3117 137 3183 nollo
157 3118 240 3197 plura
259 3114 277 3203 (
293 3136 376 3197 prop.
388 3135 439 3200 95.
452 3136 520 3197 pp.
541 3116 576 3200 );
597 3133 667 3195 ergo
687 3113 707 3181 fi
727 3116 799 3183 idea
821 3115 886 3183 snnt
906 3114 1054 3208 motiones

56 3200 193 3277 cerebri,
221 3212 340 3281 oportet
360 3215 407 3264 tot
426 3198 491 3263 fieri
514 3197 545 3273 in
566 3201 686 3275 cerebro
707 3194 854 3267 ‹lissiniiac
874 3216 909 3263 ac
929 3194 1053 3267 diversas

55 3277 227 3359 motiones,
244 3294 321 3425 poor
340 3276 480 3349 ‹lillinsiae
500 3278 680 3361 diversaque
700 3278 771 3349 idrae
790 3278 876 3355 nobis
894 3276 1054 3359 cogitanti·

55 3359 132 3438 bus,
152 3358 243 3429 obver
256 3378 364 3443 antur,
825 3424 829 3433 ,
867 3424 870 3433 ,
924 3424 927 3429 .

101 3440 250 3513 Scholion.
280 3441 311 3506 Si
332 3440 418 3521 quie,
438 3441 523 3513 causa
543 3440 694 3521 exempli,
713 3438 813 3520 dieat,
834 3459 915 3515 tenor
934 3438 1052 3511 chorte

54 3540 119 3589 noo
136 3523 211 3600 esse,
232 3519 284 3585 oifi
305 3519 504 3603 vibrationes,
524 3528 571 3591 vel
591 3520 792 3589 oscillationes
812 3522 951 3604 chordae,
972 3524 997 3589 is
1018 3522 1053 3585 u't

55 3598 185 3685 explicet
203 3597 328 3679 diversos
348 3623 426 3683 tanos
447 3605 509 3687 A,
530 3607 580 3688 B,
602 3604 654 3682 C,
676 3601 731 3680 D,
753 3601 879 3675 statuere
899 3600 1060 3749 debffitniia
