2424 4110
303 139 532 255 'raus
591 148 905 251 rnurts.
1030 147 1074 263 'aa

114 345 141 385 ‚,
162 294 308 364 attentius
327 295 482 375 cogitant,
511 291 655 370 inseipfis
675 292 824 361 excitant.
866 292 968 372 Quam
989 290 1030 356 nb
1051 312 1112 359 rem

113 429 138 464 „
157 398 276 444 omnem
300 377 511 458 cogitationem
534 372 690 439 uuiversm
711 372 816 452 aliquis
837 391 935 437 morus
955 394 1113 450 corporeus
1155 448 1163 465 Ι

113 509 139 546 ,,
159 460 341 524 comitatur.
364 457 407 521 Et
428 455 448 519 fi
469 456 543 519 nihil
565 473 669 532 prater
689 453 843 519 materiam
868 456 901 518 lit
923 456 953 516 in
966 455 1112 536 universo,

113 540 213 625 „ipsa
234 537 377 617 cogitatio
396 535 517 602 realiter
537 536 613 599 idem
636 535 695 613 ell,
715 536 792 615 quod
814 552 914 599 motus
934 556 1109 614 corporeum

114 669 137 706 „
157 623 304 687 Praeterea
326 618 572 703 quemadmodum
595 618 624 680 in
656 616 816 680 sensatione
837 634 934 680 motus
955 638 1111 695 corporeus

113 703 236 788 „prior
256 700 315 778 ell,
336 698 538 778 &perceptio
560 697 708 776 sequitur3
730 697 971 762 itanecellanium
994 698 1053 778 ell,
1074 717 1108 766 ut

103 796 134 867 '„
154 778 311 849 universnm
325 781 354 844 in
371 779 509 843 omnibus
528 780 651 844 internis
668 779 760 842 etiam
783 777 1011 856 cogitationibus
1031 780 1103 846 certi

99 912 134 948 aa
154 864 276 948 quidam
299 877 398 924 motus
418 860 548 939 corporei
572 858 741 922 immediate
763 862 924 936 praecedanr
955 860 1020 923 illas
1041 879 1107 936 per·

109 993 133 1027 ‚,
154 944 322 1023 ceptiones,
342 958 514 1021 quamquam
536 941 759 1004 admitteremus
789 943 943 1005 materiam
975 961 992 1006 a
1016 940 1106 1018 seipsa

111 1073 136 1110 „
156 1023 294 1100 moueri3
325 1022 420 1087 nullus
439 1021 516 1084 enim
540 1020 633 1085 sensus
653 1019 720 1083 inde
741 1019 876 1098 otietur,
896 1020 956 1086 fine
975 1019 1104 1086 tesrllen·

113 1152 138 1187 ‚,
158 1104 200 1168 tia
221 1098 501 1177 alterius'alicujus,
532 1103 561 1165 in
584 1100 661 1183 quod
683 1103 809 1171 alterum
832 1099 908 1181 quast
932 1103 1105 1181 impingat.
1208 1103 1210 1109 '

112 1233 136 1267 „
158 1184 247 1251 Adeo
268 1202 299 1247 ιιι
321 1182 366 1245 vel
387 1180 571 1247 subtililsrma
592 1181 741 1263 materia,
763 1179 815 1245 nist
838 1184 867 1244 in
889 1200 922 1247 ca
946 1181 1104 1250 tesrllentia

107 1314 132 1351 „
151 1262 207 1342 fit,
227 1262 258 1328 in
279 1280 401 1344 eamque
422 1262 589 1339 impressio,
625 1283 683 1326 non
706 1263 796 1341 magis
818 1280 907 1339 capax
935 1265 1004 1328 ellet
1024 1264 1104 1344 cogi-

108 1393 131 1431 „
151 1344 292 1436 tationis²
312 1363 400 1488 gnam
423 1344 579 1438 Rhombus
600 1344 773 1436 plumbeus,
802 1343 835 1407 dc
857 1343 962 1422 Ligula
982 1364 1100 1412 aurea.

108 1474 131 1512 ‚,
155 1429 206 1492 Ac
226 1443 309 1503 prom
331 1446 347 1486 e
366 1425 456 1487 modo
466 1422 551 1488 lateri
575 1427 696 1488 velimus
716 1423 817 1504 (quod
838 1443 926 1488 nemo
947 1424 998 1488 nis
1020 1446 1102 1490 men·

108 1554 130 1591 „
150 1523 181 1571 te
202 1523 303 1583 captus
323 1504 362 1569 eli
384 1506 565 1583 negaturus)
584 1507 662 1586 quod
683 1505 844 1571 Rhombus·
860 1504 1030 1584 plumbeus,
1051 1505 1102 1570 Li·

106 1637 127 1672 ‚,
147 1585 254 1667 gulave
274 1604 363 1649 aurea
392 1586 504 1649 nullam
526 1589 650 1650 omnino
670 1586 758 1651 babet
780 1586 1021 1663 cogitationem,
1051 1602 1102 1651 aut
1134 1582 1138 1597 '

106 1717 127 1754 ‚‚
148 1668 367 1749 perceptionem
391 1663 448 1731 fine
466 1668 566 1744 aliquo
585 1664 665 1744 inu,
685 1684 737 1730 aut
757 1667 887 1730 allisione
908 1687 961 1744 pto
983 1669 1100 1732 illorum

106 1797 129 1835 „
149 1744 404 1828 magnitudine&
427 1745 595 1822 soliditate,
617 1744 804 1812 subtililsrma-
821 1750 945 1811 materia
966 1747 1101 1812 smilirer

106 1878 128 1914 „
147 1828 310 1893 necessario
330 1828 442 1892 nnllam
465 1828 553 1891 babet
573 1826 632 1890 fine
642 1826 736 1908 aliqua
751 1827 964 1906 proportionali
980 1827 1099 1907 impres·
1120 1861 1124 1885 z

103 1958 125 1995 „
145 1908 247 1990 fiune,
268 1926 321 1973 aut
342 1907 522 1975 resistentia.
552 1909 643 1972 Unde
664 1907 846 1973 manisellum
877 1907 916 1971 cll
936 1913 1013 1992 quod
1034 1929 1099 1974 tot·

104 2039 125 2076 ‚,
147 1985 382 2070 poteareabiio,
402 1988 726 2067 srvecollifiopraecedit
747 1989 985 2069 perceptionem,
1004 1994 1098 2072 quod·

106 2119 130 2158 „
146 2090 206 2149 que
225 2068 322 2131 omnis
343 2070 509 2152 perceptio,
529 2069 607 2152 qnafi
628 2070 723 2137 radius
741 2069 858 2151 quidam
880 2070 943 2148 ell,
964 2072 1011 2134 seu
1033 2075 1096 2150 pal.

105 2199 128 2235 ,‚
150 2151 258 2230 patio,
287 2169 351 2229 quae
371 2151 479 2213 tamdiu
511 2154 625 2237 durat,
653 2152 791 2230 quamdiu
825 2152 910 2215 durat
940 2147 1098 2219 refllleutia

102 2278 126 2317 „
147 2231 230 2309 nac,
253 2227 574 2310 motusueimprellioq
595 2232 645 2296 illa
667 2250 738 2296 vero
759 2230 882 2296 cellame
903 2232 1096 2310 extinguitur,

104 2308 272 2399 „materia
292 2312 435 2377 euadente
453 2334 535 2394 aque
555 2313 684 2391 llupida,
715 2331 803 2393 atque
824 2312 981 2379 Rhombus
1000 2314 1095 2393 plum·

104 2439 129 2474 „
147 2393 235 2456 bens.
255 2390 406 2472 Quodque
425 2394 548 2472 proinde
568 2397 812 2486 quemadmodum
840 2397 873 2487 ,iu
896 2411 1001 2489 genere
1021 2393 1095 2457 sem-

106 2520 131 2639 ;;
150 2490 493 2644 sarnanum
512 2469 1101 2645 slairhlai‘aaalm:alul:¹

100 2680 125 2717 ‚,
145 2631 331 2699 silicattonem
352 2634 451 2726 parit,
472 2654 560 2719 atque
582 2635 638 2714 stc,
659 2603 738 2716 quast
758 2629 866 2726 Jundlts
887 2632 1039 2716 manibus,
1060 2654 1094 2699 u-

100 2762 124 2799 „
143 2734 182 2781 na
204 2729 346 2794 perpetm
366 2717 526 2799 incedunt,
556 2714 651 2780 altero
672 2735 820 2798 nunqnam
844 2711 1013 2782 rnrroauero
1034 2713 1107 2781 stne⁰

98 2842 122 2883 „
142 2790 235 2863 dobin
255 2797 393 2879 alterius,
413 2816 468 2860 nec
488 2799 613 2863 durante
633 2797 759 2889 diutins,
780 2816 868 2879 quam
880 2797 1016 2861 'alterum
1037 2798 1094 2862 du·

97 2923 122 2963 „
142 2893 211 2944 rat.
242 2875 357 2942 Verum
382 2889 468 2971 prout
489 2878 570 2944 calor
589 2878 757 2958 deperdunt
776 2879 861 2957 (qui
882 2875 1093 2968 baudnmedio·

98 3003 121 3040 „
140 2976 220 3022 crem
251 2958 383 3037 supponit
403 2960 527 3035 alicujus
547 2958 704 3027 admodum
736 2959 846 3022 subulis
873 2975 1004 3023 materna
1024 2976 1089 3021 mo·

100 3084 124 3123 „
141 3054 208 3103 tum
229 3035 287 3103 five
307 3038 544 3119 agitationem),
566 3038 607 3103 ita
629 3038 797 3105 intelleblns
816 3036 932 3120 noller,
962 3036 995 3101 δι
1016 3035 1101 3103 ima·-

100 3118 255 3213 „giratio
274 3118 481 3201 languescunt,
502 3116 611 3264 ipfiffloe
631 3118 889 3200 sensusdebcinnt,
912 3133 948 3181 ur
966 3115 1091 3198 quimo-

99 3244 123 3281 „
142 3217 203 3265 retr
225 3214 371 3279 nequeant
391 3201 428 3265 ab
447 3201 543 3281 impre
567 3220 635 3265 none
663 3217 852 3266 externorum
872 3195 1057 3275 objediorum
1078 3242 1091 3278 ,

99 3326 120 3363 „
141 3297 175 3345 nt
194 3279 227 3346 in
247 3280 348 3346 debito
366 3276 542 3359 liquiditaris
561 3280 595 3345 δι
624 3281 763 3362 agilitatis
791 3280 883 3359 gradu
902 3298 962 3345 non
984 3279 1090 3346 consii-

100 3404 123 3442 „
140 3376 284 3443 tuantur,
312 3381 347 3427 ac
367 3361 489 3440 proinde
509 3381 632 3441 corpora
665 3364 695 3426 in
717 3379 922 3450 mortemque
944 3359 1088 3426 insensilia

100 3484 123 3522 „
138 3443 287 3519 evadunt,
308 3458 398 3521 atque
418 3440 505 3507 malla
525 3443 626 3512 lutea.
657 3442 771 3517 Omnin
795 3439 885 3520 igitur
904 3441 1027 3508 senlacio
1055 3441 1089 3505 δι

105 3565 130 3603 ‚,
146 3522 294 3603 perceptio
313 3541 414 3587 tenera
434 3523 510 3588 idem
531 3523 591 3604 eli,
610 3523 690 3603 quod
711 3539 827 3604 motos,
847 3519 1004 3590 &reaiiio
1025 3541 1089 3586 ma·

92 3644 122 3683 ³,
143 3607 245 3684 terite,
265 3600 287 3669 fi
306 3602 380 3670 nibil
398 3602 435 3672 lit
455 3620 560 3684 prater
579 3601 736 3669 materiam
757 3604 788 3669 in
807 3602 962 3673 uniuerso.

603 3682 692 3767 Eg
933 3678 1050 3749 2.Scin
